<html lang="en" class="wf-roboto-n4-active wf-amaranth-n4-active wf-roboto-n7-active wf-notosans-n1-active wf-notosans-n5-active wf-notosans-n4-active wf-notosans-n7-active wf-notosans-n2-active wf-active"><head><script type="text/javascript" async="" src="https://d2r1yp2w7bby2u.cloudfront.net/js/a.js"></script><script type="text/javascript" async="" src="https://d2r1yp2w7bby2u.cloudfront.net/js/a.js"></script><script async="" src="https://www.clarity.ms/s/0.7.48/clarity.js"></script><script type="text/javascript" async="" src="https://www.googletagmanager.com/gtag/destination?id=siloed_AW-https%3A&amp;l=dataLayer&amp;cx=c"></script><script type="text/javascript" async="" src="https://www.googletagmanager.com/gtag/destination?id=AW-https%3A&amp;l=dataLayer&amp;cx=c"></script><script src="https://connect.facebook.net/signals/config/729572332041059?v=2.9.172&amp;r=stable&amp;domain=www.otipy.com&amp;hme=d82868061a8c707cd31395a3055e7449daa03bd520872727258c39e6af34523e&amp;ex_m=70%2C120%2C106%2C110%2C61%2C4%2C99%2C69%2C16%2C96%2C88%2C51%2C54%2C171%2C174%2C186%2C182%2C183%2C185%2C29%2C100%2C53%2C77%2C184%2C166%2C169%2C179%2C180%2C187%2C130%2C41%2C34%2C142%2C15%2C50%2C193%2C192%2C132%2C18%2C40%2C1%2C43%2C65%2C66%2C67%2C71%2C92%2C17%2C14%2C95%2C91%2C90%2C107%2C52%2C109%2C39%2C108%2C30%2C93%2C26%2C167%2C170%2C139%2C85%2C56%2C83%2C33%2C73%2C0%2C94%2C32%2C28%2C82%2C87%2C47%2C46%2C86%2C37%2C11%2C12%2C13%2C6%2C7%2C25%2C22%2C23%2C57%2C62%2C64%2C75%2C101%2C27%2C76%2C9%2C8%2C80%2C48%2C21%2C103%2C102%2C104%2C97%2C10%2C20%2C3%2C38%2C74%2C19%2C5%2C89%2C81%2C44%2C35%2C84%2C2%2C36%2C63%2C42%2C105%2C45%2C79%2C68%2C111%2C60%2C59%2C31%2C98%2C58%2C55%2C49%2C78%2C72%2C24%2C112" async=""></script><script async="" src="https://connect.facebook.net/en_US/fbevents.js"></script><script async="" src="https://www.clarity.ms/tag/ff5e49jfbt"></script><script async="" src="https://www.clarity.ms/tag/ff5e49jfbt"></script><script type="text/javascript" async="" src="https://www.googletagmanager.com/gtag/destination?id=AW-https%3A%2F%2Fwww.otipy.com%2Fcategory%2Fvegetables-1&amp;l=dataLayer&amp;cx=c"></script><script async="" src="https://www.clarity.ms/tag/ff5e49jfbt"></script><script type="text/javascript" async="" src="https://www.googletagmanager.com/gtag/js?id=G-NFQ3FPR1TP&amp;l=dataLayer&amp;cx=c"></script><script async="" src="https://www.googletagmanager.com/gtm.js?id=GTM-NHR8JMD&amp;gtm_auth=&amp;gtm_preview=&amp;gtm_cookies_win=x"></script><script>
      (function(w,d,s,l,i){w[l]=w[l]||[];
        w[l].push({'gtm.start': new Date().getTime(),event:'gtm.js', });
        var f=d.getElementsByTagName(s)[0],j=d.createElement(s),dl=l!='dataLayer'?'&l='+l:'';
        j.async=true;j.src='https://www.googletagmanager.com/gtm.js?id='+i+dl+'&gtm_auth=&gtm_preview=&gtm_cookies_win=x';
        f.parentNode.insertBefore(j,f);
      })(window,document,'script','dataLayer','GTM-NHR8JMD');</script><meta charset="utf-8"><link rel="icon" href="/icon.svg"><link rel="canonical" href="https://www.otipy.com/category/vegetables-1"><meta name="description" content="Order online farm fresh veggies (Green, Organic, Exotic, Sprouts, Cut) on Otipy. Order by 12:00 AM &amp; get delivery by morning 08:00 AM, Lowest price."><meta property="og:url" content="https://otipy.com/"><meta property="og:type" content="website"><title>Buy Fresh Vegetables Online on Otipy - Green/Organic/Exotic/Veggies, Sprouts &amp; More</title><meta property="og:title" content="Buy Fresh Vegetables Online on Otipy - Green/Organic/Exotic/Veggies, Sprouts &amp; More "><meta property="og:description" content="Order online farm fresh veggies (Green, Organic, Exotic, Sprouts, Cut) on Otipy. Order by 12:00 AM &amp; get delivery by morning 08:00 AM, Lowest price. "><meta property="og:image" content="https://img.crofarm.com/images/category/fa72730a2cea.png"><meta name="viewport" content="width=device-width, minimum-scale=1.0, maximum-scale=1.0"><meta name="google-site-verification" content="4zsIS1JXtrqXBwDmRGXHufS1Ta0JZQU3CVh_mLdePtk"><meta name="next-head-count" content="12"><script>
            WebFontConfig = {
              google: { families: ['Roboto:400,700','Noto+Sans:100,200,400,500,700','Amaranth:ital,400,700&display=swap'] }
            };
            (function(d) {
              var wf = d.createElement('script');
              wf.src = 'https://ajax.googleapis.com/ajax/libs/webfont/1/webfont.js';
              wf.async = true;
              d.head.appendChild(wf);
            })(document);
          </script><script src="https://ajax.googleapis.com/ajax/libs/webfont/1/webfont.js" async=""></script><link rel="preload" href="/_next/static/css/afa761f56ef3fe3b.css" as="style"><link rel="stylesheet" href="/_next/static/css/afa761f56ef3fe3b.css" data-n-g=""><link rel="preload" href="/_next/static/css/e6990eefc0d3f975.css" as="style"><link rel="stylesheet" href="/_next/static/css/e6990eefc0d3f975.css" data-n-p=""><noscript data-n-css=""></noscript><script defer="" nomodule="" src="/_next/static/chunks/polyfills-c67a75d1b6f99dc8.js"></script><script src="/_next/static/chunks/webpack-eae13fe3ca28abea.js" defer=""></script><script src="/_next/static/chunks/framework-4ed89e9640adfb9e.js" defer=""></script><script src="/_next/static/chunks/main-86d5db6b37943101.js" defer=""></script><script src="/_next/static/chunks/pages/_app-e1508b24adf82da4.js" defer=""></script><script src="/_next/static/chunks/pages/category/%5B...category%5D-ccbe0649321e6118.js" defer=""></script><script src="/_next/static/wQzINXHPVINAYTOkcM_ap/_buildManifest.js" defer=""></script><link rel="stylesheet" href="https://fonts.googleapis.com/css?family=Roboto:400,700%7CNoto+Sans:100,200,400,500,700%7CAmaranth:ital,400,700&amp;display=swap" media="all"><script src="/_next/static/wQzINXHPVINAYTOkcM_ap/_ssgManifest.js" defer=""></script><script type="text/javascript" async="" src="https://googleads.g.doubleclick.net/pagead/viewthroughconversion/10911984337/?random=1729239439202&amp;cv=11&amp;fst=1729239439202&amp;bg=ffffff&amp;guid=ON&amp;async=1&amp;gtm=45je4ah0v876595942z8899790559za200zb899790559&amp;gcd=13l3l3l3l1l1&amp;dma=0&amp;tag_exp=101686685~101823847&amp;u_w=1470&amp;u_h=956&amp;url=https%3A%2F%2Fwww.otipy.com%2Fcategory%2Fvegetables-1&amp;hn=www.googleadservices.com&amp;frm=0&amp;tiba=Buy%20Fresh%20Vegetables%20Online%20on%20Otipy%20-%20Green%2FOrganic%2FExotic%2FVeggies%2C%20Sprouts%20%26%20More&amp;npa=0&amp;pscdl=noapi&amp;auid=1945902487.1729239439&amp;uaa=&amp;uab=&amp;uafvl=&amp;uamb=0&amp;uam=&amp;uap=macOS&amp;uapv=&amp;uaw=0&amp;fledge=1&amp;data=event%3Dgtag.config&amp;rfmt=3&amp;fmt=4"></script><link as="script" rel="prefetch" href="/_next/static/chunks/pages/home-63469cf798c28dbe.js"><link rel="stylesheet" type="text/css" href="/_next/static/css/231258611dbfd6b2.css"><script id="script-loader" type="text/javascript" src="https://maps.googleapis.com/maps/api/js?callback=__googleMapsCallback&amp;key=AIzaSyBi5skiRqqCRB2PlEaLyqkeVenJ0ETAzBA&amp;libraries=places&amp;v=weekly" defer="" async=""></script><script type="text/javascript" charset="UTF-8" src="https://maps.googleapis.com/maps-api-v3/api/js/58/9/intl/en_gb/common.js"></script><script type="text/javascript" charset="UTF-8" src="https://maps.googleapis.com/maps-api-v3/api/js/58/9/intl/en_gb/util.js"></script><script type="text/javascript" charset="UTF-8" src="https://maps.googleapis.com/maps-api-v3/api/js/58/9/intl/en_gb/controls.js"></script><script type="text/javascript" charset="UTF-8" src="https://maps.googleapis.com/maps-api-v3/api/js/58/9/intl/en_gb/places_impl.js"></script><link as="script" rel="prefetch" href="/_next/static/chunks/78e521c3-4f4044c94cbc5a45.js"><link as="script" rel="prefetch" href="/_next/static/chunks/3478-b374fcba87ef3f4c.js"><link as="script" rel="prefetch" href="/_next/static/chunks/8597-91ae30ecff961001.js"><link as="script" rel="prefetch" href="/_next/static/chunks/pages/partner-06db9f5b028f2ad9.js"><link as="script" rel="prefetch" href="/_next/static/chunks/1957-5a63e671b19eb521.js"><link as="script" rel="prefetch" href="/_next/static/chunks/596-d3b0bd7697dbb43e.js"><link as="script" rel="prefetch" href="/_next/static/chunks/9211-0df75ef1440ba667.js"><link as="script" rel="prefetch" href="/_next/static/chunks/5468-2603e0e7a7069855.js"><link as="script" rel="prefetch" href="/_next/static/chunks/pages/ev-partner-f1717b232a654756.js"><link as="script" rel="prefetch" href="/_next/static/chunks/pages/terms_condition-688ac9bb025edc86.js"><link as="script" rel="prefetch" href="/_next/static/chunks/pages/privacy_policy-22bcbcadffb2c756.js"><script type="text/javascript" src="https://wzrkt.com/a?t=96&amp;type=ping&amp;d=N4IglgJiBcIGwHYBaBaA6gaQSgnBuSIANCAOYwg4CGALDQKwDGARgAwSsCmEdAzDTgQ1mARlb0aETgCYEvRo2nEQAZxgiE0nNN44aukgAdy0aQF8gAA%3D&amp;rn=2&amp;i=1729239559&amp;sn=0&amp;gc=9a445cb0d0ed4434974b1054de273cc2&amp;arp=N4IgVg%2BgdiBcIC0DuBeFIA0ICW04gCMAmARgGsBjJAUQEEBhWtTEAEwgBcBnOABi1YALPlgBucIlkg94wAL4tsrfADYA7AgC0AdQDSazQE5dKhCwBOnGSTVFDRAMyGALM4AccoAA&amp;useIP=false&amp;r=1729239559784" class="ct-jp-cb" rel="nofollow" async=""></script></head><body><noscript>
      <iframe src="https://www.googletagmanager.com/ns.html?id=GTM-NHR8JMD&gtm_auth=&gtm_preview=&gtm_cookies_win=x"
        height="0" width="0" style="display:none;visibility:hidden" id="tag-manager"></iframe></noscript><div id="__next"><div class="main-layout"><div class="sticky"><header class="style_header_container__VVYKd style_hide__TbOE7"><div class="container"><div class="style_header__W2JxP"><div class="style_subheader__2mNas"><div class="style_subheader_subdiv___2ebw"><div class="style_logo__rYv_m"><span class="style_logo_link__k_k1q"><img src="https://img.crofarm.com/otipyecom/assets/svg/OtipySmallLogo.svg" alt="OtipySmallLogo svg" width="auto" height="auto"></span></div><div class="search_searchBar__kBz24"><input type="text" class="search_input_box__VaqRC" placeholder="Search 1500+ products" value=""><span class="search_search_icon__LSw6F"><img src="https://img.crofarm.com/otipyecom/assets/svg/SmallSearch.svg" alt="search svg"></span></div></div><div class="style_cta__eZbCz"><button class="style_popup_location__buqvX" aria-label="popup"><div class="style_popup_location_btn__LuNLG"><span><img src="https://img.crofarm.com/otipyecom/assets/svg/LocationHeader.svg" alt="LocationHeader svg"></span><span>Gurugram</span></div></button><button class="style_trigger_btn__zx3CW" aria-label="popup">Login</button><button class="style_cart_icon__i_LCB" aria-label="popup"><span class="style_cart_icon__i_LCB"><img src="https://img.crofarm.com/otipyecom/assets/svg/SmallCart.svg" alt="SmallCart svg" width="auto" height="auto"></span></button><div class="style_location__x3ADC"><p class="style_location_info__sE1dU"><span>Change</span><span class="style_location_icon__XCMFX"><svg stroke="currentColor" fill="currentColor" stroke-width="0" viewBox="0 0 24 24" height="1em" width="1em" xmlns="http://www.w3.org/2000/svg"><path fill="none" d="M0 0h24v24H0z"></path><path d="M12 2C8.13 2 5 5.13 5 9c0 5.25 7 13 7 13s7-7.75 7-13c0-3.87-3.13-7-7-7zm0 9.5a2.5 2.5 0 010-5 2.5 2.5 0 010 5z"></path></svg></span></p></div></div></div></div></div></header><div class="style_sidenav__WOhEC" style="width: 0px;"><div class="style_sidenav_body__3Ad9f" style="width: calc(200px + 5vw);"><div class="style_profile__RR0JL"><h3> Otipy </h3></div><div class="style_links__rhTrs"><a class="style_link__4JzYZ" href="/partner"><span> Partners</span><span><svg stroke="currentColor" fill="currentColor" stroke-width="0" viewBox="0 0 1024 1024" height="1em" width="1em" xmlns="http://www.w3.org/2000/svg"><path d="M533.2 492.3L277.9 166.1c-3-3.9-7.7-6.1-12.6-6.1H188c-6.7 0-10.4 7.7-6.3 12.9L447.1 512 181.7 851.1A7.98 7.98 0 0 0 188 864h77.3c4.9 0 9.6-2.3 12.6-6.1l255.3-326.1c9.1-11.7 9.1-27.9 0-39.5zm304 0L581.9 166.1c-3-3.9-7.7-6.1-12.6-6.1H492c-6.7 0-10.4 7.7-6.3 12.9L751.1 512 485.7 851.1A7.98 7.98 0 0 0 492 864h77.3c4.9 0 9.6-2.3 12.6-6.1l255.3-326.1c9.1-11.7 9.1-27.9 0-39.5z"></path></svg></span></a><a class="style_link__4JzYZ" href="/about"><span> About Us</span><span><svg stroke="currentColor" fill="currentColor" stroke-width="0" viewBox="0 0 1024 1024" height="1em" width="1em" xmlns="http://www.w3.org/2000/svg"><path d="M533.2 492.3L277.9 166.1c-3-3.9-7.7-6.1-12.6-6.1H188c-6.7 0-10.4 7.7-6.3 12.9L447.1 512 181.7 851.1A7.98 7.98 0 0 0 188 864h77.3c4.9 0 9.6-2.3 12.6-6.1l255.3-326.1c9.1-11.7 9.1-27.9 0-39.5zm304 0L581.9 166.1c-3-3.9-7.7-6.1-12.6-6.1H492c-6.7 0-10.4 7.7-6.3 12.9L751.1 512 485.7 851.1A7.98 7.98 0 0 0 492 864h77.3c4.9 0 9.6-2.3 12.6-6.1l255.3-326.1c9.1-11.7 9.1-27.9 0-39.5z"></path></svg></span></a><a class="style_link__4JzYZ" href="/farmer"><span> Farmers</span><svg stroke="currentColor" fill="currentColor" stroke-width="0" viewBox="0 0 1024 1024" height="1em" width="1em" xmlns="http://www.w3.org/2000/svg"><path d="M533.2 492.3L277.9 166.1c-3-3.9-7.7-6.1-12.6-6.1H188c-6.7 0-10.4 7.7-6.3 12.9L447.1 512 181.7 851.1A7.98 7.98 0 0 0 188 864h77.3c4.9 0 9.6-2.3 12.6-6.1l255.3-326.1c9.1-11.7 9.1-27.9 0-39.5zm304 0L581.9 166.1c-3-3.9-7.7-6.1-12.6-6.1H492c-6.7 0-10.4 7.7-6.3 12.9L751.1 512 485.7 851.1A7.98 7.98 0 0 0 492 864h77.3c4.9 0 9.6-2.3 12.6-6.1l255.3-326.1c9.1-11.7 9.1-27.9 0-39.5z"></path></svg></a><a class="style_link__4JzYZ" href="/support"><span> Support</span><span><svg stroke="currentColor" fill="currentColor" stroke-width="0" viewBox="0 0 1024 1024" height="1em" width="1em" xmlns="http://www.w3.org/2000/svg"><path d="M533.2 492.3L277.9 166.1c-3-3.9-7.7-6.1-12.6-6.1H188c-6.7 0-10.4 7.7-6.3 12.9L447.1 512 181.7 851.1A7.98 7.98 0 0 0 188 864h77.3c4.9 0 9.6-2.3 12.6-6.1l255.3-326.1c9.1-11.7 9.1-27.9 0-39.5zm304 0L581.9 166.1c-3-3.9-7.7-6.1-12.6-6.1H492c-6.7 0-10.4 7.7-6.3 12.9L751.1 512 485.7 851.1A7.98 7.98 0 0 0 492 864h77.3c4.9 0 9.6-2.3 12.6-6.1l255.3-326.1c9.1-11.7 9.1-27.9 0-39.5z"></path></svg></span></a><a class="style_link__4JzYZ" href="/career"><span> Careers</span><span><svg stroke="currentColor" fill="currentColor" stroke-width="0" viewBox="0 0 1024 1024" height="1em" width="1em" xmlns="http://www.w3.org/2000/svg"><path d="M533.2 492.3L277.9 166.1c-3-3.9-7.7-6.1-12.6-6.1H188c-6.7 0-10.4 7.7-6.3 12.9L447.1 512 181.7 851.1A7.98 7.98 0 0 0 188 864h77.3c4.9 0 9.6-2.3 12.6-6.1l255.3-326.1c9.1-11.7 9.1-27.9 0-39.5zm304 0L581.9 166.1c-3-3.9-7.7-6.1-12.6-6.1H492c-6.7 0-10.4 7.7-6.3 12.9L751.1 512 485.7 851.1A7.98 7.98 0 0 0 492 864h77.3c4.9 0 9.6-2.3 12.6-6.1l255.3-326.1c9.1-11.7 9.1-27.9 0-39.5z"></path></svg></span></a></div></div><div class="style_close_body__lWH4t"><div class="style_close_icon__cXluA"><span class="style_icon__oejma" style="cursor: pointer;"><svg stroke="currentColor" fill="currentColor" stroke-width="0" viewBox="0 0 1024 1024" height="1em" width="1em" xmlns="http://www.w3.org/2000/svg"><path d="M563.8 512l262.5-312.9c4.4-5.2.7-13.1-6.1-13.1h-79.8c-4.7 0-9.2 2.1-12.3 5.7L511.6 449.8 295.1 191.7c-3-3.6-7.5-5.7-12.3-5.7H203c-6.8 0-10.5 7.9-6.1 13.1L459.4 512 196.9 824.9A7.95 7.95 0 0 0 203 838h79.8c4.7 0 9.2-2.1 12.3-5.7l216.5-258.1 216.5 258.1c3 3.6 7.5 5.7 12.3 5.7h79.8c6.8 0 10.5-7.9 6.1-13.1L563.8 512z"></path></svg></span></div></div></div><nav class="style_nav__mhziF"><div class="container style_navbar__e7K3x"><ul class="style_nav_list__PVQSI"><li type="none"><span class="style_list_item__nvAR4">Vegetables</span></li><li type="none"><span class="style_list_item__nvAR4">Fruits</span></li><li type="none"><span class="style_list_item__nvAR4">Milk &amp; Dairy Items</span></li><li type="none"><span class="style_list_item__nvAR4">Bread, Bakery &amp; Eggs</span></li><li type="none"><span class="style_list_item__nvAR4">Breakfast Items</span></li><select name="More" class="style_select__WvfQ9"><option value="-1">More</option><option value="atta,-rice-&amp;-dal-5">Atta, Rice &amp; Dal</option><option value="tea,-coffee-&amp;-nutritional-drinks-21">Tea, Coffee &amp; Nutritional Drinks</option><option value="biscuits,-namkeens-&amp;-chips-23">Biscuits, Namkeens &amp; Chips</option><option value="beauty-&amp;-personal-care-24">Beauty &amp; Personal Care</option><option value="flower-&amp;-plants-10">Flower &amp; Plants</option><option value="oral-care-36">Oral Care</option><option value="bath,-body-&amp;-hair-37">Bath, Body &amp; Hair</option><option value="cold-drinks-&amp;-juices-38">Cold drinks &amp; Juices</option><option value="detergents-&amp;-home-cleaning-39">Detergents &amp; Home Cleaning</option><option value="chocolates-&amp;-mithai-40">Chocolates &amp; Mithai</option><option value="oils,-ghee-&amp;-masala-41">Oils, Ghee &amp; Masala</option><option value="pooja-and-festive-42">Pooja and Festive</option><option value="feminine-hygiene-43">Feminine Hygiene</option><option value="men's-grooming-44">Men's Grooming</option><option value="honey,-sauces-&amp;-spreads-45">Honey, Sauces &amp; Spreads</option><option value="kitchen-&amp;-home-utility-46">Kitchen &amp; Home Utility</option><option value="stationery-47">Stationery</option><option value="dry-fruits-48">Dry Fruits </option><option value="pet-care-49">Pet Care</option><option value="instant-food-50">Instant Food</option><option value="baby-care-51">Baby Care</option></select></ul></div></nav></div><div class="container style_category_container__mvRfX"><div class="style_tab_container__tzJwl"><button class="style_tab__I01E4 style_active_tab__jR2jb" aria-label="tabbar">All</button><button class="style_tab__I01E4" aria-label="tabbar">OTP</button><button class="style_tab__I01E4" aria-label="tabbar">Greens</button><button class="style_tab__I01E4" aria-label="tabbar">Organic</button><button class="style_tab__I01E4" aria-label="tabbar">Herbs and Seasoning</button><button class="style_tab__I01E4" aria-label="tabbar">Sprouts</button><button class="style_tab__I01E4" aria-label="tabbar">Cut Veggies</button><button class="style_tab__I01E4" aria-label="tabbar">Exotic Veg</button><button class="style_tab__I01E4" aria-label="tabbar">Hydroponic</button></div><main><div class="infinite-scroll-component__outerdiv"><div class="infinite-scroll-component style_product_container__AW6oY" style="height: auto; overflow: auto;"><div class="style_card__v4i84    }"><div class="style_card_details__qi0G9"><span style="box-sizing: border-box; display: inline-block; overflow: hidden; width: initial; height: initial; background: none; opacity: 1; border: 0px; margin: 0px; padding: 0px; position: relative; max-width: 100%;"><span style="box-sizing: border-box; display: block; width: initial; height: initial; background: none; opacity: 1; border: 0px; margin: 0px; padding: 0px; max-width: 100%;"><img alt="" aria-hidden="true" src="data:image/svg+xml,%3csvg%20xmlns=%27http://www.w3.org/2000/svg%27%20version=%271.1%27%20width=%27200%27%20height=%27185%27/%3e" style="display: block; max-width: 100%; width: initial; height: initial; background: none; opacity: 1; border: 0px; margin: 0px; padding: 0px;"></span><img alt="Cauliflower - Small (Phool Gobhi) image" src="/_next/image?url=https%3A%2F%2Fimg.crofarm.com%2Fimages%2Fprodsmall%2Fedc7aea4a911.jpg&amp;w=640&amp;q=75" decoding="async" data-nimg="intrinsic" class="style_card_img__RJxGM" style="position: absolute; inset: 0px; box-sizing: border-box; padding: 0px; border: none; margin: auto; display: block; width: 0px; height: 0px; min-width: 100%; max-width: 100%; min-height: 100%; max-height: 100%;" srcset="/_next/image?url=https%3A%2F%2Fimg.crofarm.com%2Fimages%2Fprodsmall%2Fedc7aea4a911.jpg&amp;w=256&amp;q=75 1x, /_next/image?url=https%3A%2F%2Fimg.crofarm.com%2Fimages%2Fprodsmall%2Fedc7aea4a911.jpg&amp;w=640&amp;q=75 2x"></span><div class="style_card_info__xGm58"><h3 class="style_prod_name__QllSp">Cauliflower - Small (Phool Gobhi)</h3><h6 class="style_prod_price__4TltC"><span class="style_striked_price__4ghn5">₹59.5</span><span class="style_selling_price__GaIsF">&nbsp;₹49.5/pc</span> </h6><div class="style_cta__2QWKl"><div><p class="style_final_price__FERLK">₹49.5&nbsp;&nbsp;<span class="style_prod_qt__cXcqe">1 pc</span></p></div><div><span class="style_btn__0_x3D">Add</span></div></div></div></div></div><div class="style_card__v4i84    }"><div class="style_card_details__qi0G9"><span style="box-sizing: border-box; display: inline-block; overflow: hidden; width: initial; height: initial; background: none; opacity: 1; border: 0px; margin: 0px; padding: 0px; position: relative; max-width: 100%;"><span style="box-sizing: border-box; display: block; width: initial; height: initial; background: none; opacity: 1; border: 0px; margin: 0px; padding: 0px; max-width: 100%;"><img alt="" aria-hidden="true" src="data:image/svg+xml,%3csvg%20xmlns=%27http://www.w3.org/2000/svg%27%20version=%271.1%27%20width=%27200%27%20height=%27185%27/%3e" style="display: block; max-width: 100%; width: initial; height: initial; background: none; opacity: 1; border: 0px; margin: 0px; padding: 0px;"></span><img alt="Radish - With Leaves (Muli) image" src="/_next/image?url=https%3A%2F%2Fimg.crofarm.com%2Fimages%2Fprodsmall%2F1234_1711968794.747292_pdp.webp&amp;w=640&amp;q=75" decoding="async" data-nimg="intrinsic" class="style_card_img__RJxGM" style="position: absolute; inset: 0px; box-sizing: border-box; padding: 0px; border: none; margin: auto; display: block; width: 0px; height: 0px; min-width: 100%; max-width: 100%; min-height: 100%; max-height: 100%;" srcset="/_next/image?url=https%3A%2F%2Fimg.crofarm.com%2Fimages%2Fprodsmall%2F1234_1711968794.747292_pdp.webp&amp;w=256&amp;q=75 1x, /_next/image?url=https%3A%2F%2Fimg.crofarm.com%2Fimages%2Fprodsmall%2F1234_1711968794.747292_pdp.webp&amp;w=640&amp;q=75 2x"></span><div class="style_card_info__xGm58"><h3 class="style_prod_name__QllSp">Radish - With Leaves (Muli)</h3><h6 class="style_prod_price__4TltC"><span class="style_striked_price__4ghn5">₹82.5</span><span class="style_selling_price__GaIsF">&nbsp;₹70.6/kg</span> </h6><div class="style_cta__2QWKl"><div><p class="style_final_price__FERLK">₹56.5&nbsp;&nbsp;<span class="style_prod_qt__cXcqe">800 g</span></p></div><div><span class="style_btn__0_x3D">Add</span></div></div></div></div></div><div class="style_card__v4i84    }"><div class="style_card_details__qi0G9"><span style="box-sizing: border-box; display: inline-block; overflow: hidden; width: initial; height: initial; background: none; opacity: 1; border: 0px; margin: 0px; padding: 0px; position: relative; max-width: 100%;"><span style="box-sizing: border-box; display: block; width: initial; height: initial; background: none; opacity: 1; border: 0px; margin: 0px; padding: 0px; max-width: 100%;"><img alt="" aria-hidden="true" src="data:image/svg+xml,%3csvg%20xmlns=%27http://www.w3.org/2000/svg%27%20version=%271.1%27%20width=%27200%27%20height=%27185%27/%3e" style="display: block; max-width: 100%; width: initial; height: initial; background: none; opacity: 1; border: 0px; margin: 0px; padding: 0px;"></span><img alt="Fenugreek (Methi) image" src="/_next/image?url=https%3A%2F%2Fimg.crofarm.com%2Fimages%2Fprodsmall%2F807_1711968847.603959_pdp.webp&amp;w=640&amp;q=75" decoding="async" data-nimg="intrinsic" class="style_card_img__RJxGM" style="position: absolute; inset: 0px; box-sizing: border-box; padding: 0px; border: none; margin: auto; display: block; width: 0px; height: 0px; min-width: 100%; max-width: 100%; min-height: 100%; max-height: 100%;" srcset="/_next/image?url=https%3A%2F%2Fimg.crofarm.com%2Fimages%2Fprodsmall%2F807_1711968847.603959_pdp.webp&amp;w=256&amp;q=75 1x, /_next/image?url=https%3A%2F%2Fimg.crofarm.com%2Fimages%2Fprodsmall%2F807_1711968847.603959_pdp.webp&amp;w=640&amp;q=75 2x"></span><div class="style_card_info__xGm58"><h3 class="style_prod_name__QllSp">Fenugreek (Methi)</h3><h6 class="style_prod_price__4TltC"><span class="style_striked_price__4ghn5">₹170.4</span><span class="style_selling_price__GaIsF">&nbsp;₹150.4/kg</span> </h6><div class="style_cta__2QWKl"><div><p class="style_final_price__FERLK">₹75.2&nbsp;&nbsp;<span class="style_prod_qt__cXcqe">500 g</span></p></div><div><span class="style_btn__0_x3D">Add</span></div></div></div></div></div><div class="style_card__v4i84    }"><div class="style_card_details__qi0G9"><span style="box-sizing: border-box; display: inline-block; overflow: hidden; width: initial; height: initial; background: none; opacity: 1; border: 0px; margin: 0px; padding: 0px; position: relative; max-width: 100%;"><span style="box-sizing: border-box; display: block; width: initial; height: initial; background: none; opacity: 1; border: 0px; margin: 0px; padding: 0px; max-width: 100%;"><img alt="" aria-hidden="true" src="data:image/svg+xml,%3csvg%20xmlns=%27http://www.w3.org/2000/svg%27%20version=%271.1%27%20width=%27200%27%20height=%27185%27/%3e" style="display: block; max-width: 100%; width: initial; height: initial; background: none; opacity: 1; border: 0px; margin: 0px; padding: 0px;"></span><img alt="Coriander - With Roots (Hara Dhaniya) image" src="/_next/image?url=https%3A%2F%2Fimg.crofarm.com%2Fimages%2Fprodsmall%2F796_1711968724.9308817_pdp.webp&amp;w=640&amp;q=75" decoding="async" data-nimg="intrinsic" class="style_card_img__RJxGM" style="position: absolute; inset: 0px; box-sizing: border-box; padding: 0px; border: none; margin: auto; display: block; width: 0px; height: 0px; min-width: 100%; max-width: 100%; min-height: 100%; max-height: 100%;" srcset="/_next/image?url=https%3A%2F%2Fimg.crofarm.com%2Fimages%2Fprodsmall%2F796_1711968724.9308817_pdp.webp&amp;w=256&amp;q=75 1x, /_next/image?url=https%3A%2F%2Fimg.crofarm.com%2Fimages%2Fprodsmall%2F796_1711968724.9308817_pdp.webp&amp;w=640&amp;q=75 2x"></span><div class="style_card_info__xGm58"><h3 class="style_prod_name__QllSp">Coriander - With Roots (Hara Dhaniya)</h3><h6 class="style_prod_price__4TltC"><span class="style_striked_price__4ghn5">₹37.5</span><span class="style_selling_price__GaIsF">&nbsp;₹27.5/Pack</span> </h6><div class="style_cta__2QWKl"><div><p class="style_final_price__FERLK">₹27.5&nbsp;&nbsp;<span class="style_prod_qt__cXcqe">1 Pack</span></p></div><div><span class="style_btn__0_x3D">Add</span></div></div></div></div></div><div class="style_card__v4i84    }"><div class="style_card_details__qi0G9"><span style="box-sizing: border-box; display: inline-block; overflow: hidden; width: initial; height: initial; background: none; opacity: 1; border: 0px; margin: 0px; padding: 0px; position: relative; max-width: 100%;"><span style="box-sizing: border-box; display: block; width: initial; height: initial; background: none; opacity: 1; border: 0px; margin: 0px; padding: 0px; max-width: 100%;"><img alt="" aria-hidden="true" src="data:image/svg+xml,%3csvg%20xmlns=%27http://www.w3.org/2000/svg%27%20version=%271.1%27%20width=%27200%27%20height=%27185%27/%3e" style="display: block; max-width: 100%; width: initial; height: initial; background: none; opacity: 1; border: 0px; margin: 0px; padding: 0px;"></span><img alt="Potato - Carisma (Aloo) - Lower Glycemix Index image" src="/_next/image?url=https%3A%2F%2Fimg.crofarm.com%2Fimages%2Fprodsmall%2F2276_1727782410.0731704_pdp.webp&amp;w=640&amp;q=75" decoding="async" data-nimg="intrinsic" class="style_card_img__RJxGM" style="position: absolute; inset: 0px; box-sizing: border-box; padding: 0px; border: none; margin: auto; display: block; width: 0px; height: 0px; min-width: 100%; max-width: 100%; min-height: 100%; max-height: 100%;" srcset="/_next/image?url=https%3A%2F%2Fimg.crofarm.com%2Fimages%2Fprodsmall%2F2276_1727782410.0731704_pdp.webp&amp;w=256&amp;q=75 1x, /_next/image?url=https%3A%2F%2Fimg.crofarm.com%2Fimages%2Fprodsmall%2F2276_1727782410.0731704_pdp.webp&amp;w=640&amp;q=75 2x"></span><div class="style_card_info__xGm58"><h3 class="style_prod_name__QllSp">Potato - Carisma (Aloo) - Lower Glycemix Index</h3><h6 class="style_prod_price__4TltC"><span class="style_striked_price__4ghn5">₹64.5</span><span class="style_selling_price__GaIsF">&nbsp;₹54.5/Pack</span> </h6><div class="style_cta__2QWKl"><div><p class="style_final_price__FERLK">₹54.5&nbsp;&nbsp;<span class="style_prod_qt__cXcqe">1 kg</span></p></div><div><span class="style_btn__0_x3D">Add</span></div></div></div></div></div><div class="style_card__v4i84    }"><div class="style_card_details__qi0G9"><span style="box-sizing: border-box; display: inline-block; overflow: hidden; width: initial; height: initial; background: none; opacity: 1; border: 0px; margin: 0px; padding: 0px; position: relative; max-width: 100%;"><span style="box-sizing: border-box; display: block; width: initial; height: initial; background: none; opacity: 1; border: 0px; margin: 0px; padding: 0px; max-width: 100%;"><img alt="" aria-hidden="true" src="data:image/svg+xml,%3csvg%20xmlns=%27http://www.w3.org/2000/svg%27%20version=%271.1%27%20width=%27200%27%20height=%27185%27/%3e" style="display: block; max-width: 100%; width: initial; height: initial; background: none; opacity: 1; border: 0px; margin: 0px; padding: 0px;"></span><img alt="Spring Onion (Hara Pyaaz) - 100% Safe image" src="/_next/image?url=https%3A%2F%2Fimg.crofarm.com%2Fimages%2Fprodsmall%2F6615_1711968711.9973533_pdp.webp&amp;w=640&amp;q=75" decoding="async" data-nimg="intrinsic" class="style_card_img__RJxGM" style="position: absolute; inset: 0px; box-sizing: border-box; padding: 0px; border: none; margin: auto; display: block; width: 0px; height: 0px; min-width: 100%; max-width: 100%; min-height: 100%; max-height: 100%;" srcset="/_next/image?url=https%3A%2F%2Fimg.crofarm.com%2Fimages%2Fprodsmall%2F6615_1711968711.9973533_pdp.webp&amp;w=256&amp;q=75 1x, /_next/image?url=https%3A%2F%2Fimg.crofarm.com%2Fimages%2Fprodsmall%2F6615_1711968711.9973533_pdp.webp&amp;w=640&amp;q=75 2x"></span><div class="style_card_info__xGm58"><h3 class="style_prod_name__QllSp">Spring Onion (Hara Pyaaz) - 100% Safe</h3><h6 class="style_prod_price__4TltC"><span class="style_striked_price__4ghn5">₹150</span><span class="style_selling_price__GaIsF">&nbsp;₹110/kg</span> </h6><div class="style_cta__2QWKl"><div><p class="style_final_price__FERLK">₹27.5&nbsp;&nbsp;<span class="style_prod_qt__cXcqe">250 g</span></p></div><div><span class="style_btn__0_x3D">Add</span></div></div></div></div></div><div class="style_card__v4i84    }"><div class="style_card_details__qi0G9"><span style="box-sizing: border-box; display: inline-block; overflow: hidden; width: initial; height: initial; background: none; opacity: 1; border: 0px; margin: 0px; padding: 0px; position: relative; max-width: 100%;"><span style="box-sizing: border-box; display: block; width: initial; height: initial; background: none; opacity: 1; border: 0px; margin: 0px; padding: 0px; max-width: 100%;"><img alt="" aria-hidden="true" src="data:image/svg+xml,%3csvg%20xmlns=%27http://www.w3.org/2000/svg%27%20version=%271.1%27%20width=%27200%27%20height=%27185%27/%3e" style="display: block; max-width: 100%; width: initial; height: initial; background: none; opacity: 1; border: 0px; margin: 0px; padding: 0px;"></span><img alt="Tinda (Indian Squash) image" src="/_next/image?url=https%3A%2F%2Fimg.crofarm.com%2Fimages%2Fprodsmall%2F27027_1727684826.2559493_pdp.webp&amp;w=640&amp;q=75" decoding="async" data-nimg="intrinsic" class="style_card_img__RJxGM" style="position: absolute; inset: 0px; box-sizing: border-box; padding: 0px; border: none; margin: auto; display: block; width: 0px; height: 0px; min-width: 100%; max-width: 100%; min-height: 100%; max-height: 100%;" srcset="/_next/image?url=https%3A%2F%2Fimg.crofarm.com%2Fimages%2Fprodsmall%2F27027_1727684826.2559493_pdp.webp&amp;w=256&amp;q=75 1x, /_next/image?url=https%3A%2F%2Fimg.crofarm.com%2Fimages%2Fprodsmall%2F27027_1727684826.2559493_pdp.webp&amp;w=640&amp;q=75 2x"></span><div class="style_card_info__xGm58"><h3 class="style_prod_name__QllSp">Tinda (Indian Squash)</h3><h6 class="style_prod_price__4TltC"><span class="style_striked_price__4ghn5">₹120.4</span><span class="style_selling_price__GaIsF">&nbsp;₹100.4/kg</span> </h6><div class="style_cta__2QWKl"><div><p class="style_final_price__FERLK">₹50.2&nbsp;&nbsp;<span class="style_prod_qt__cXcqe">500 g</span></p></div><div><span class="style_btn__0_x3D">Add</span></div></div></div></div></div><div class="style_card__v4i84    }"><div class="style_card_details__qi0G9"><span style="box-sizing: border-box; display: inline-block; overflow: hidden; width: initial; height: initial; background: none; opacity: 1; border: 0px; margin: 0px; padding: 0px; position: relative; max-width: 100%;"><span style="box-sizing: border-box; display: block; width: initial; height: initial; background: none; opacity: 1; border: 0px; margin: 0px; padding: 0px; max-width: 100%;"><img alt="" aria-hidden="true" src="data:image/svg+xml,%3csvg%20xmlns=%27http://www.w3.org/2000/svg%27%20version=%271.1%27%20width=%27200%27%20height=%27185%27/%3e" style="display: block; max-width: 100%; width: initial; height: initial; background: none; opacity: 1; border: 0px; margin: 0px; padding: 0px;"></span><img alt="Garlic (Lehsun) image" src="/_next/image?url=https%3A%2F%2Fimg.crofarm.com%2Fimages%2Fprodsmall%2Fed412e4b78be.jpg&amp;w=640&amp;q=75" decoding="async" data-nimg="intrinsic" class="style_card_img__RJxGM" style="position: absolute; inset: 0px; box-sizing: border-box; padding: 0px; border: none; margin: auto; display: block; width: 0px; height: 0px; min-width: 100%; max-width: 100%; min-height: 100%; max-height: 100%;" srcset="/_next/image?url=https%3A%2F%2Fimg.crofarm.com%2Fimages%2Fprodsmall%2Fed412e4b78be.jpg&amp;w=256&amp;q=75 1x, /_next/image?url=https%3A%2F%2Fimg.crofarm.com%2Fimages%2Fprodsmall%2Fed412e4b78be.jpg&amp;w=640&amp;q=75 2x"></span><div class="style_card_info__xGm58"><h3 class="style_prod_name__QllSp">Garlic (Lehsun)</h3><h6 class="style_prod_price__4TltC"><span class="style_striked_price__4ghn5">₹457.3</span><span class="style_selling_price__GaIsF">&nbsp;₹390.7/kg</span> </h6><div class="style_cta__2QWKl"><div><p class="style_final_price__FERLK">₹58.6&nbsp;&nbsp;<span class="style_prod_qt__cXcqe">150 g</span></p></div><div><span class="style_btn__0_x3D">Add</span></div></div></div></div></div><div class="style_card__v4i84    }"><div class="style_card_details__qi0G9"><span style="box-sizing: border-box; display: inline-block; overflow: hidden; width: initial; height: initial; background: none; opacity: 1; border: 0px; margin: 0px; padding: 0px; position: relative; max-width: 100%;"><span style="box-sizing: border-box; display: block; width: initial; height: initial; background: none; opacity: 1; border: 0px; margin: 0px; padding: 0px; max-width: 100%;"><img alt="" aria-hidden="true" src="data:image/svg+xml,%3csvg%20xmlns=%27http://www.w3.org/2000/svg%27%20version=%271.1%27%20width=%27200%27%20height=%27185%27/%3e" style="display: block; max-width: 100%; width: initial; height: initial; background: none; opacity: 1; border: 0px; margin: 0px; padding: 0px;"></span><img alt="Garlic (Lehsun) image" src="/_next/image?url=https%3A%2F%2Fimg.crofarm.com%2Fimages%2Fprodsmall%2F27029_1727684825.5439925_pdp.webp&amp;w=640&amp;q=75" decoding="async" data-nimg="intrinsic" class="style_card_img__RJxGM" style="position: absolute; inset: 0px; box-sizing: border-box; padding: 0px; border: none; margin: auto; display: block; width: 0px; height: 0px; min-width: 100%; max-width: 100%; min-height: 100%; max-height: 100%;" srcset="/_next/image?url=https%3A%2F%2Fimg.crofarm.com%2Fimages%2Fprodsmall%2F27029_1727684825.5439925_pdp.webp&amp;w=256&amp;q=75 1x, /_next/image?url=https%3A%2F%2Fimg.crofarm.com%2Fimages%2Fprodsmall%2F27029_1727684825.5439925_pdp.webp&amp;w=640&amp;q=75 2x"></span><div class="style_card_info__xGm58"><h3 class="style_prod_name__QllSp">Garlic (Lehsun)</h3><h6 class="style_prod_price__4TltC"><span class="style_striked_price__4ghn5">₹440.7</span><span class="style_selling_price__GaIsF">&nbsp;₹390.7/kg</span> </h6><div class="style_cta__2QWKl"><div><p class="style_final_price__FERLK">₹117.2&nbsp;&nbsp;<span class="style_prod_qt__cXcqe">300 g</span></p></div><div><span class="style_btn__0_x3D">Add</span></div></div></div></div></div><div class="style_card__v4i84    }"><div class="style_card_details__qi0G9"><span style="box-sizing: border-box; display: inline-block; overflow: hidden; width: initial; height: initial; background: none; opacity: 1; border: 0px; margin: 0px; padding: 0px; position: relative; max-width: 100%;"><span style="box-sizing: border-box; display: block; width: initial; height: initial; background: none; opacity: 1; border: 0px; margin: 0px; padding: 0px; max-width: 100%;"><img alt="" aria-hidden="true" src="data:image/svg+xml,%3csvg%20xmlns=%27http://www.w3.org/2000/svg%27%20version=%271.1%27%20width=%27200%27%20height=%27185%27/%3e" style="display: block; max-width: 100%; width: initial; height: initial; background: none; opacity: 1; border: 0px; margin: 0px; padding: 0px;"></span><img alt="Ginger - New (Adrak) image" src="/_next/image?url=https%3A%2F%2Fimg.crofarm.com%2Fimages%2Fprodsmall%2Fed412beb09e3.jpg&amp;w=640&amp;q=75" decoding="async" data-nimg="intrinsic" class="style_card_img__RJxGM" style="position: absolute; inset: 0px; box-sizing: border-box; padding: 0px; border: none; margin: auto; display: block; width: 0px; height: 0px; min-width: 100%; max-width: 100%; min-height: 100%; max-height: 100%;" srcset="/_next/image?url=https%3A%2F%2Fimg.crofarm.com%2Fimages%2Fprodsmall%2Fed412beb09e3.jpg&amp;w=256&amp;q=75 1x, /_next/image?url=https%3A%2F%2Fimg.crofarm.com%2Fimages%2Fprodsmall%2Fed412beb09e3.jpg&amp;w=640&amp;q=75 2x"></span><div class="style_card_info__xGm58"><h3 class="style_prod_name__QllSp">Ginger - New (Adrak)</h3><h6 class="style_prod_price__4TltC"><span class="style_striked_price__4ghn5">₹144.5</span><span class="style_selling_price__GaIsF">&nbsp;₹119.5/kg</span> </h6><div class="style_cta__2QWKl"><div><p class="style_final_price__FERLK">₹23.9&nbsp;&nbsp;<span class="style_prod_qt__cXcqe">200 g</span></p></div><div><span class="style_btn__0_x3D">Add</span></div></div></div></div></div><div class="style_card__v4i84    }"><div class="style_card_details__qi0G9"><span style="box-sizing: border-box; display: inline-block; overflow: hidden; width: initial; height: initial; background: none; opacity: 1; border: 0px; margin: 0px; padding: 0px; position: relative; max-width: 100%;"><span style="box-sizing: border-box; display: block; width: initial; height: initial; background: none; opacity: 1; border: 0px; margin: 0px; padding: 0px; max-width: 100%;"><img alt="" aria-hidden="true" src="data:image/svg+xml,%3csvg%20xmlns=%27http://www.w3.org/2000/svg%27%20version=%271.1%27%20width=%27200%27%20height=%27185%27/%3e" style="display: block; max-width: 100%; width: initial; height: initial; background: none; opacity: 1; border: 0px; margin: 0px; padding: 0px;"></span><img alt="Ginger - New (Adrak) - 100% Safe image" src="/_next/image?url=https%3A%2F%2Fimg.crofarm.com%2Fimages%2Fprodsmall%2F774_1711968871.9290495_pdp.webp&amp;w=640&amp;q=75" decoding="async" data-nimg="intrinsic" class="style_card_img__RJxGM" style="position: absolute; inset: 0px; box-sizing: border-box; padding: 0px; border: none; margin: auto; display: block; width: 0px; height: 0px; min-width: 100%; max-width: 100%; min-height: 100%; max-height: 100%;" srcset="/_next/image?url=https%3A%2F%2Fimg.crofarm.com%2Fimages%2Fprodsmall%2F774_1711968871.9290495_pdp.webp&amp;w=256&amp;q=75 1x, /_next/image?url=https%3A%2F%2Fimg.crofarm.com%2Fimages%2Fprodsmall%2F774_1711968871.9290495_pdp.webp&amp;w=640&amp;q=75 2x"></span><div class="style_card_info__xGm58"><h3 class="style_prod_name__QllSp">Ginger - New (Adrak) - 100% Safe</h3><h6 class="style_prod_price__4TltC"><span class="style_striked_price__4ghn5">₹189.5</span><span class="style_selling_price__GaIsF">&nbsp;₹139.5/kg</span> </h6><div class="style_cta__2QWKl"><div><p class="style_final_price__FERLK">₹27.9&nbsp;&nbsp;<span class="style_prod_qt__cXcqe">200 g</span></p></div><div><span class="style_btn__0_x3D">Add</span></div></div></div></div></div><div class="style_card__v4i84    }"><div class="style_card_details__qi0G9"><span style="box-sizing: border-box; display: inline-block; overflow: hidden; width: initial; height: initial; background: none; opacity: 1; border: 0px; margin: 0px; padding: 0px; position: relative; max-width: 100%;"><span style="box-sizing: border-box; display: block; width: initial; height: initial; background: none; opacity: 1; border: 0px; margin: 0px; padding: 0px; max-width: 100%;"><img alt="" aria-hidden="true" src="data:image/svg+xml,%3csvg%20xmlns=%27http://www.w3.org/2000/svg%27%20version=%271.1%27%20width=%27200%27%20height=%27185%27/%3e" style="display: block; max-width: 100%; width: initial; height: initial; background: none; opacity: 1; border: 0px; margin: 0px; padding: 0px;"></span><img alt="Potato - Jumbo (Aloo) - French Fries Special image" src="/_next/image?url=https%3A%2F%2Fimg.crofarm.com%2Fimages%2Fprodsmall%2F1976_1711968808.7418334_pdp.webp&amp;w=640&amp;q=75" decoding="async" data-nimg="intrinsic" class="style_card_img__RJxGM" style="position: absolute; inset: 0px; box-sizing: border-box; padding: 0px; border: none; margin: auto; display: block; width: 0px; height: 0px; min-width: 100%; max-width: 100%; min-height: 100%; max-height: 100%;" srcset="/_next/image?url=https%3A%2F%2Fimg.crofarm.com%2Fimages%2Fprodsmall%2F1976_1711968808.7418334_pdp.webp&amp;w=256&amp;q=75 1x, /_next/image?url=https%3A%2F%2Fimg.crofarm.com%2Fimages%2Fprodsmall%2F1976_1711968808.7418334_pdp.webp&amp;w=640&amp;q=75 2x"></span><div class="style_card_info__xGm58"><h3 class="style_prod_name__QllSp">Potato - Jumbo (Aloo) - French Fries Special</h3><h6 class="style_prod_price__4TltC"><span class="style_striked_price__4ghn5">₹47.7</span><span class="style_selling_price__GaIsF">&nbsp;₹42.4/kg</span> </h6><div class="style_cta__2QWKl"><div><p class="style_final_price__FERLK">₹118.6&nbsp;&nbsp;<span class="style_prod_qt__cXcqe">2.8 kg</span></p></div><div><span class="style_btn__0_x3D">Add</span></div></div></div></div></div><div class="style_card__v4i84    }"><div class="style_card_details__qi0G9"><span style="box-sizing: border-box; display: inline-block; overflow: hidden; width: initial; height: initial; background: none; opacity: 1; border: 0px; margin: 0px; padding: 0px; position: relative; max-width: 100%;"><span style="box-sizing: border-box; display: block; width: initial; height: initial; background: none; opacity: 1; border: 0px; margin: 0px; padding: 0px; max-width: 100%;"><img alt="" aria-hidden="true" src="data:image/svg+xml,%3csvg%20xmlns=%27http://www.w3.org/2000/svg%27%20version=%271.1%27%20width=%27200%27%20height=%27185%27/%3e" style="display: block; max-width: 100%; width: initial; height: initial; background: none; opacity: 1; border: 0px; margin: 0px; padding: 0px;"></span><img alt="Sarson Leaves image" src="/_next/image?url=https%3A%2F%2Fimg.crofarm.com%2Fimages%2Fprodsmall%2F1243_1711968698.5300095_pdp.webp&amp;w=640&amp;q=75" decoding="async" data-nimg="intrinsic" class="style_card_img__RJxGM" style="position: absolute; inset: 0px; box-sizing: border-box; padding: 0px; border: none; margin: auto; display: block; width: 0px; height: 0px; min-width: 100%; max-width: 100%; min-height: 100%; max-height: 100%;" srcset="/_next/image?url=https%3A%2F%2Fimg.crofarm.com%2Fimages%2Fprodsmall%2F1243_1711968698.5300095_pdp.webp&amp;w=256&amp;q=75 1x, /_next/image?url=https%3A%2F%2Fimg.crofarm.com%2Fimages%2Fprodsmall%2F1243_1711968698.5300095_pdp.webp&amp;w=640&amp;q=75 2x"></span><div class="style_card_info__xGm58"><h3 class="style_prod_name__QllSp">Sarson Leaves</h3><h6 class="style_prod_price__4TltC"><span class="style_striked_price__4ghn5">₹89</span><span class="style_selling_price__GaIsF">&nbsp;₹69/kg</span> </h6><div class="style_cta__2QWKl"><div><p class="style_final_price__FERLK">₹34.5&nbsp;&nbsp;<span class="style_prod_qt__cXcqe">500 g</span></p></div><div><span class="style_btn__0_x3D">Add</span></div></div></div></div></div><div class="style_card__v4i84    }"><div class="style_card_details__qi0G9"><span style="box-sizing: border-box; display: inline-block; overflow: hidden; width: initial; height: initial; background: none; opacity: 1; border: 0px; margin: 0px; padding: 0px; position: relative; max-width: 100%;"><span style="box-sizing: border-box; display: block; width: initial; height: initial; background: none; opacity: 1; border: 0px; margin: 0px; padding: 0px; max-width: 100%;"><img alt="" aria-hidden="true" src="data:image/svg+xml,%3csvg%20xmlns=%27http://www.w3.org/2000/svg%27%20version=%271.1%27%20width=%27200%27%20height=%27185%27/%3e" style="display: block; max-width: 100%; width: initial; height: initial; background: none; opacity: 1; border: 0px; margin: 0px; padding: 0px;"></span><img alt="Beetroot (Chukandar) image" src="/_next/image?url=https%3A%2F%2Fimg.crofarm.com%2Fimages%2Fprodsmall%2Ff93c19c77429.jpg&amp;w=640&amp;q=75" decoding="async" data-nimg="intrinsic" class="style_card_img__RJxGM" style="position: absolute; inset: 0px; box-sizing: border-box; padding: 0px; border: none; margin: auto; display: block; width: 0px; height: 0px; min-width: 100%; max-width: 100%; min-height: 100%; max-height: 100%;" srcset="/_next/image?url=https%3A%2F%2Fimg.crofarm.com%2Fimages%2Fprodsmall%2Ff93c19c77429.jpg&amp;w=256&amp;q=75 1x, /_next/image?url=https%3A%2F%2Fimg.crofarm.com%2Fimages%2Fprodsmall%2Ff93c19c77429.jpg&amp;w=640&amp;q=75 2x"></span><div class="style_card_info__xGm58"><h3 class="style_prod_name__QllSp">Beetroot (Chukandar)</h3><h6 class="style_prod_price__4TltC"><span class="style_striked_price__4ghn5">₹80.4</span><span class="style_selling_price__GaIsF">&nbsp;₹60.4/kg</span> </h6><div class="style_cta__2QWKl"><div><p class="style_final_price__FERLK">₹30.2&nbsp;&nbsp;<span class="style_prod_qt__cXcqe">500 g</span></p></div><div><span class="style_btn__0_x3D">Add</span></div></div></div></div></div><div class="style_card__v4i84    }"><div class="style_card_details__qi0G9"><span style="box-sizing: border-box; display: inline-block; overflow: hidden; width: initial; height: initial; background: none; opacity: 1; border: 0px; margin: 0px; padding: 0px; position: relative; max-width: 100%;"><span style="box-sizing: border-box; display: block; width: initial; height: initial; background: none; opacity: 1; border: 0px; margin: 0px; padding: 0px; max-width: 100%;"><img alt="" aria-hidden="true" src="data:image/svg+xml,%3csvg%20xmlns=%27http://www.w3.org/2000/svg%27%20version=%271.1%27%20width=%27200%27%20height=%27185%27/%3e" style="display: block; max-width: 100%; width: initial; height: initial; background: none; opacity: 1; border: 0px; margin: 0px; padding: 0px;"></span><img alt="Chilli - Hybrid (Hari Mirch) image" src="/_next/image?url=https%3A%2F%2Fimg.crofarm.com%2Fimages%2Fprodsmall%2Ff93c1a3849b9.jpg&amp;w=640&amp;q=75" decoding="async" data-nimg="intrinsic" class="style_card_img__RJxGM" style="position: absolute; inset: 0px; box-sizing: border-box; padding: 0px; border: none; margin: auto; display: block; width: 0px; height: 0px; min-width: 100%; max-width: 100%; min-height: 100%; max-height: 100%;" srcset="/_next/image?url=https%3A%2F%2Fimg.crofarm.com%2Fimages%2Fprodsmall%2Ff93c1a3849b9.jpg&amp;w=256&amp;q=75 1x, /_next/image?url=https%3A%2F%2Fimg.crofarm.com%2Fimages%2Fprodsmall%2Ff93c1a3849b9.jpg&amp;w=640&amp;q=75 2x"></span><div class="style_card_info__xGm58"><h3 class="style_prod_name__QllSp">Chilli - Hybrid (Hari Mirch)</h3><h6 class="style_prod_price__4TltC"><span class="style_striked_price__4ghn5">₹205</span><span class="style_selling_price__GaIsF">&nbsp;₹155/kg</span> </h6><div class="style_cta__2QWKl"><div><p class="style_final_price__FERLK">₹15.5&nbsp;&nbsp;<span class="style_prod_qt__cXcqe">100 g</span></p></div><div><span class="style_btn__0_x3D">Add</span></div></div></div></div></div><div class="style_card__v4i84    }"><div class="style_card_details__qi0G9"><span style="box-sizing: border-box; display: inline-block; overflow: hidden; width: initial; height: initial; background: none; opacity: 1; border: 0px; margin: 0px; padding: 0px; position: relative; max-width: 100%;"><span style="box-sizing: border-box; display: block; width: initial; height: initial; background: none; opacity: 1; border: 0px; margin: 0px; padding: 0px; max-width: 100%;"><img alt="" aria-hidden="true" src="data:image/svg+xml,%3csvg%20xmlns=%27http://www.w3.org/2000/svg%27%20version=%271.1%27%20width=%27200%27%20height=%27185%27/%3e" style="display: block; max-width: 100%; width: initial; height: initial; background: none; opacity: 1; border: 0px; margin: 0px; padding: 0px;"></span><img alt="Sweet Corn Cob (Bhutta) image" src="/_next/image?url=https%3A%2F%2Fimg.crofarm.com%2Fimages%2Fprodsmall%2F46_1711968775.0076454_pdp.webp&amp;w=640&amp;q=75" decoding="async" data-nimg="intrinsic" class="style_card_img__RJxGM" style="position: absolute; inset: 0px; box-sizing: border-box; padding: 0px; border: none; margin: auto; display: block; width: 0px; height: 0px; min-width: 100%; max-width: 100%; min-height: 100%; max-height: 100%;" srcset="/_next/image?url=https%3A%2F%2Fimg.crofarm.com%2Fimages%2Fprodsmall%2F46_1711968775.0076454_pdp.webp&amp;w=256&amp;q=75 1x, /_next/image?url=https%3A%2F%2Fimg.crofarm.com%2Fimages%2Fprodsmall%2F46_1711968775.0076454_pdp.webp&amp;w=640&amp;q=75 2x"></span><div class="style_card_info__xGm58"><h3 class="style_prod_name__QllSp">Sweet Corn Cob (Bhutta)</h3><h6 class="style_prod_price__4TltC"><span class="style_striked_price__4ghn5">₹35.5</span><span class="style_selling_price__GaIsF">&nbsp;₹25.5/Pack</span> </h6><div class="style_cta__2QWKl"><div><p class="style_final_price__FERLK">₹25.5&nbsp;&nbsp;<span class="style_prod_qt__cXcqe">1 pc</span></p></div><div><span class="style_btn__0_x3D">Add</span></div></div></div></div></div><div class="style_card__v4i84    }"><div class="style_card_details__qi0G9"><span style="box-sizing: border-box; display: inline-block; overflow: hidden; width: initial; height: initial; background: none; opacity: 1; border: 0px; margin: 0px; padding: 0px; position: relative; max-width: 100%;"><span style="box-sizing: border-box; display: block; width: initial; height: initial; background: none; opacity: 1; border: 0px; margin: 0px; padding: 0px; max-width: 100%;"><img alt="" aria-hidden="true" src="data:image/svg+xml,%3csvg%20xmlns=%27http://www.w3.org/2000/svg%27%20version=%271.1%27%20width=%27200%27%20height=%27185%27/%3e" style="display: block; max-width: 100%; width: initial; height: initial; background: none; opacity: 1; border: 0px; margin: 0px; padding: 0px;"></span><img alt="Baby Potato (Aloo) image" src="/_next/image?url=https%3A%2F%2Fimg.crofarm.com%2Fimages%2Fprodsmall%2Feac024e67213.jpg&amp;w=640&amp;q=75" decoding="async" data-nimg="intrinsic" class="style_card_img__RJxGM" style="position: absolute; inset: 0px; box-sizing: border-box; padding: 0px; border: none; margin: auto; display: block; width: 0px; height: 0px; min-width: 100%; max-width: 100%; min-height: 100%; max-height: 100%;" srcset="/_next/image?url=https%3A%2F%2Fimg.crofarm.com%2Fimages%2Fprodsmall%2Feac024e67213.jpg&amp;w=256&amp;q=75 1x, /_next/image?url=https%3A%2F%2Fimg.crofarm.com%2Fimages%2Fprodsmall%2Feac024e67213.jpg&amp;w=640&amp;q=75 2x"></span><div class="style_card_info__xGm58"><h3 class="style_prod_name__QllSp">Baby Potato (Aloo)</h3><h6 class="style_prod_price__4TltC"><span class="style_striked_price__4ghn5">₹45.5</span><span class="style_selling_price__GaIsF">&nbsp;₹35.5/kg</span> </h6><div class="style_cta__2QWKl"><div><p class="style_final_price__FERLK">₹35.5&nbsp;&nbsp;<span class="style_prod_qt__cXcqe">1 kg</span></p></div><div><span class="style_btn__0_x3D">Add</span></div></div></div></div></div><div class="style_card__v4i84    }"><div class="style_card_details__qi0G9"><span style="box-sizing: border-box; display: inline-block; overflow: hidden; width: initial; height: initial; background: none; opacity: 1; border: 0px; margin: 0px; padding: 0px; position: relative; max-width: 100%;"><span style="box-sizing: border-box; display: block; width: initial; height: initial; background: none; opacity: 1; border: 0px; margin: 0px; padding: 0px; max-width: 100%;"><img alt="" aria-hidden="true" src="data:image/svg+xml,%3csvg%20xmlns=%27http://www.w3.org/2000/svg%27%20version=%271.1%27%20width=%27200%27%20height=%27185%27/%3e" style="display: block; max-width: 100%; width: initial; height: initial; background: none; opacity: 1; border: 0px; margin: 0px; padding: 0px;"></span><img alt="Potato - Chipsona (Aloo) - Low Sugar image" src="/_next/image?url=https%3A%2F%2Fimg.crofarm.com%2Fimages%2Fprodsmall%2F1538_1711968754.6448524_pdp.webp&amp;w=640&amp;q=75" decoding="async" data-nimg="intrinsic" class="style_card_img__RJxGM" style="position: absolute; inset: 0px; box-sizing: border-box; padding: 0px; border: none; margin: auto; display: block; width: 0px; height: 0px; min-width: 100%; max-width: 100%; min-height: 100%; max-height: 100%;" srcset="/_next/image?url=https%3A%2F%2Fimg.crofarm.com%2Fimages%2Fprodsmall%2F1538_1711968754.6448524_pdp.webp&amp;w=256&amp;q=75 1x, /_next/image?url=https%3A%2F%2Fimg.crofarm.com%2Fimages%2Fprodsmall%2F1538_1711968754.6448524_pdp.webp&amp;w=640&amp;q=75 2x"></span><div class="style_card_info__xGm58"><h3 class="style_prod_name__QllSp">Potato - Chipsona (Aloo) - Low Sugar</h3><h6 class="style_prod_price__4TltC"><span class="style_striked_price__4ghn5">₹56.9</span><span class="style_selling_price__GaIsF">&nbsp;₹46.9/kg</span> </h6><div class="style_cta__2QWKl"><div><p class="style_final_price__FERLK">₹46.9&nbsp;&nbsp;<span class="style_prod_qt__cXcqe">1 kg</span></p></div><div><span class="style_btn__0_x3D">Add</span></div></div></div></div></div><div class="style_card__v4i84    }"><div class="style_card_details__qi0G9"><span style="box-sizing: border-box; display: inline-block; overflow: hidden; width: initial; height: initial; background: none; opacity: 1; border: 0px; margin: 0px; padding: 0px; position: relative; max-width: 100%;"><span style="box-sizing: border-box; display: block; width: initial; height: initial; background: none; opacity: 1; border: 0px; margin: 0px; padding: 0px; max-width: 100%;"><img alt="" aria-hidden="true" src="data:image/svg+xml,%3csvg%20xmlns=%27http://www.w3.org/2000/svg%27%20version=%271.1%27%20width=%27200%27%20height=%27185%27/%3e" style="display: block; max-width: 100%; width: initial; height: initial; background: none; opacity: 1; border: 0px; margin: 0px; padding: 0px;"></span><img alt="Potato - Red (Aloo) image" src="/_next/image?url=https%3A%2F%2Fimg.crofarm.com%2Fimages%2Fprodsmall%2F1588_1711968770.7130344_pdp.webp&amp;w=640&amp;q=75" decoding="async" data-nimg="intrinsic" class="style_card_img__RJxGM" style="position: absolute; inset: 0px; box-sizing: border-box; padding: 0px; border: none; margin: auto; display: block; width: 0px; height: 0px; min-width: 100%; max-width: 100%; min-height: 100%; max-height: 100%;" srcset="/_next/image?url=https%3A%2F%2Fimg.crofarm.com%2Fimages%2Fprodsmall%2F1588_1711968770.7130344_pdp.webp&amp;w=256&amp;q=75 1x, /_next/image?url=https%3A%2F%2Fimg.crofarm.com%2Fimages%2Fprodsmall%2F1588_1711968770.7130344_pdp.webp&amp;w=640&amp;q=75 2x"></span><div class="style_card_info__xGm58"><h3 class="style_prod_name__QllSp">Potato - Red (Aloo)</h3><h6 class="style_prod_price__4TltC"><span class="style_striked_price__4ghn5">₹56.8</span><span class="style_selling_price__GaIsF">&nbsp;₹46.8/kg</span> </h6><div class="style_cta__2QWKl"><div><p class="style_final_price__FERLK">₹46.8&nbsp;&nbsp;<span class="style_prod_qt__cXcqe">1 kg</span></p></div><div><span class="style_btn__0_x3D">Add</span></div></div></div></div></div><div class="style_card__v4i84    }"><div class="style_card_details__qi0G9"><span style="box-sizing: border-box; display: inline-block; overflow: hidden; width: initial; height: initial; background: none; opacity: 1; border: 0px; margin: 0px; padding: 0px; position: relative; max-width: 100%;"><span style="box-sizing: border-box; display: block; width: initial; height: initial; background: none; opacity: 1; border: 0px; margin: 0px; padding: 0px; max-width: 100%;"><img alt="" aria-hidden="true" src="data:image/svg+xml,%3csvg%20xmlns=%27http://www.w3.org/2000/svg%27%20version=%271.1%27%20width=%27200%27%20height=%27185%27/%3e" style="display: block; max-width: 100%; width: initial; height: initial; background: none; opacity: 1; border: 0px; margin: 0px; padding: 0px;"></span><img alt="Potato (Aloo) image" src="/_next/image?url=https%3A%2F%2Fimg.crofarm.com%2Fimages%2Fprodsmall%2F1349_1713760561.4701111_pdp.webp&amp;w=640&amp;q=75" decoding="async" data-nimg="intrinsic" class="style_card_img__RJxGM" style="position: absolute; inset: 0px; box-sizing: border-box; padding: 0px; border: none; margin: auto; display: block; width: 0px; height: 0px; min-width: 100%; max-width: 100%; min-height: 100%; max-height: 100%;" srcset="/_next/image?url=https%3A%2F%2Fimg.crofarm.com%2Fimages%2Fprodsmall%2F1349_1713760561.4701111_pdp.webp&amp;w=256&amp;q=75 1x, /_next/image?url=https%3A%2F%2Fimg.crofarm.com%2Fimages%2Fprodsmall%2F1349_1713760561.4701111_pdp.webp&amp;w=640&amp;q=75 2x"></span><div class="style_card_info__xGm58"><h3 class="style_prod_name__QllSp">Potato (Aloo)</h3><h6 class="style_prod_price__4TltC"><span class="style_striked_price__4ghn5">₹54.2</span><span class="style_selling_price__GaIsF">&nbsp;₹44.2/kg</span> </h6><div class="style_cta__2QWKl"><div><p class="style_final_price__FERLK">₹44.2&nbsp;&nbsp;<span class="style_prod_qt__cXcqe">1 kg</span></p></div><div><span class="style_btn__0_x3D">Add</span></div></div></div></div></div><div class="style_card__v4i84    }"><div class="style_card_details__qi0G9"><span style="box-sizing: border-box; display: inline-block; overflow: hidden; width: initial; height: initial; background: none; opacity: 1; border: 0px; margin: 0px; padding: 0px; position: relative; max-width: 100%;"><span style="box-sizing: border-box; display: block; width: initial; height: initial; background: none; opacity: 1; border: 0px; margin: 0px; padding: 0px; max-width: 100%;"><img alt="" aria-hidden="true" src="data:image/svg+xml,%3csvg%20xmlns=%27http://www.w3.org/2000/svg%27%20version=%271.1%27%20width=%27200%27%20height=%27185%27/%3e" style="display: block; max-width: 100%; width: initial; height: initial; background: none; opacity: 1; border: 0px; margin: 0px; padding: 0px;"></span><img alt="Potato (Aloo) image" src="/_next/image?url=https%3A%2F%2Fimg.crofarm.com%2Fimages%2Fprodsmall%2Ff77a8d34d1b8.jpg&amp;w=640&amp;q=75" decoding="async" data-nimg="intrinsic" class="style_card_img__RJxGM" style="position: absolute; inset: 0px; box-sizing: border-box; padding: 0px; border: none; margin: auto; display: block; width: 0px; height: 0px; min-width: 100%; max-width: 100%; min-height: 100%; max-height: 100%;" srcset="/_next/image?url=https%3A%2F%2Fimg.crofarm.com%2Fimages%2Fprodsmall%2Ff77a8d34d1b8.jpg&amp;w=256&amp;q=75 1x, /_next/image?url=https%3A%2F%2Fimg.crofarm.com%2Fimages%2Fprodsmall%2Ff77a8d34d1b8.jpg&amp;w=640&amp;q=75 2x"></span><div class="style_card_info__xGm58"><h3 class="style_prod_name__QllSp">Potato (Aloo)</h3><h6 class="style_prod_price__4TltC"><span class="style_striked_price__4ghn5">₹56.4</span><span class="style_selling_price__GaIsF">&nbsp;₹46.4/kg</span> </h6><div class="style_cta__2QWKl"><div><p class="style_final_price__FERLK">₹23.2&nbsp;&nbsp;<span class="style_prod_qt__cXcqe">500 g</span></p></div><div><span class="style_btn__0_x3D">Add</span></div></div></div></div></div><div class="style_card__v4i84    }"><div class="style_card_details__qi0G9"><span style="box-sizing: border-box; display: inline-block; overflow: hidden; width: initial; height: initial; background: none; opacity: 1; border: 0px; margin: 0px; padding: 0px; position: relative; max-width: 100%;"><span style="box-sizing: border-box; display: block; width: initial; height: initial; background: none; opacity: 1; border: 0px; margin: 0px; padding: 0px; max-width: 100%;"><img alt="" aria-hidden="true" src="data:image/svg+xml,%3csvg%20xmlns=%27http://www.w3.org/2000/svg%27%20version=%271.1%27%20width=%27200%27%20height=%27185%27/%3e" style="display: block; max-width: 100%; width: initial; height: initial; background: none; opacity: 1; border: 0px; margin: 0px; padding: 0px;"></span><img alt="Bhindi (Okra) image" src="/_next/image?url=https%3A%2F%2Fimg.crofarm.com%2Fimages%2Fprodsmall%2Ff93c19fe8981.jpg&amp;w=640&amp;q=75" decoding="async" data-nimg="intrinsic" class="style_card_img__RJxGM" style="position: absolute; inset: 0px; box-sizing: border-box; padding: 0px; border: none; margin: auto; display: block; width: 0px; height: 0px; min-width: 100%; max-width: 100%; min-height: 100%; max-height: 100%;" srcset="/_next/image?url=https%3A%2F%2Fimg.crofarm.com%2Fimages%2Fprodsmall%2Ff93c19fe8981.jpg&amp;w=256&amp;q=75 1x, /_next/image?url=https%3A%2F%2Fimg.crofarm.com%2Fimages%2Fprodsmall%2Ff93c19fe8981.jpg&amp;w=640&amp;q=75 2x"></span><div class="style_card_info__xGm58"><h3 class="style_prod_name__QllSp">Bhindi (Okra)</h3><h6 class="style_prod_price__4TltC"><span class="style_striked_price__4ghn5">₹81</span><span class="style_selling_price__GaIsF">&nbsp;₹61/kg</span> </h6><div class="style_cta__2QWKl"><div><p class="style_final_price__FERLK">₹30.5&nbsp;&nbsp;<span class="style_prod_qt__cXcqe">500 g</span></p></div><div><span class="style_btn__0_x3D">Add</span></div></div></div></div></div><div class="style_card__v4i84    }"><div class="style_card_details__qi0G9"><span style="box-sizing: border-box; display: inline-block; overflow: hidden; width: initial; height: initial; background: none; opacity: 1; border: 0px; margin: 0px; padding: 0px; position: relative; max-width: 100%;"><span style="box-sizing: border-box; display: block; width: initial; height: initial; background: none; opacity: 1; border: 0px; margin: 0px; padding: 0px; max-width: 100%;"><img alt="" aria-hidden="true" src="data:image/svg+xml,%3csvg%20xmlns=%27http://www.w3.org/2000/svg%27%20version=%271.1%27%20width=%27200%27%20height=%27185%27/%3e" style="display: block; max-width: 100%; width: initial; height: initial; background: none; opacity: 1; border: 0px; margin: 0px; padding: 0px;"></span><img alt="Mushroom - Button image" src="/_next/image?url=https%3A%2F%2Fimg.crofarm.com%2Fimages%2Fprodsmall%2F777_1711968724.3127136_pdp.webp&amp;w=640&amp;q=75" decoding="async" data-nimg="intrinsic" class="style_card_img__RJxGM" style="position: absolute; inset: 0px; box-sizing: border-box; padding: 0px; border: none; margin: auto; display: block; width: 0px; height: 0px; min-width: 100%; max-width: 100%; min-height: 100%; max-height: 100%;" srcset="/_next/image?url=https%3A%2F%2Fimg.crofarm.com%2Fimages%2Fprodsmall%2F777_1711968724.3127136_pdp.webp&amp;w=256&amp;q=75 1x, /_next/image?url=https%3A%2F%2Fimg.crofarm.com%2Fimages%2Fprodsmall%2F777_1711968724.3127136_pdp.webp&amp;w=640&amp;q=75 2x"></span><div class="style_card_info__xGm58"><h3 class="style_prod_name__QllSp">Mushroom - Button</h3><h6 class="style_prod_price__4TltC"><span class="style_striked_price__4ghn5">₹60.5</span><span class="style_selling_price__GaIsF">&nbsp;₹50.5/Pack</span> </h6><div class="style_cta__2QWKl"><div><p class="style_final_price__FERLK">₹50.5&nbsp;&nbsp;<span class="style_prod_qt__cXcqe">1 Pack</span></p></div><div><span class="style_btn__0_x3D">Add</span></div></div></div></div></div><div class="style_card__v4i84    }"><div class="style_card_details__qi0G9"><span style="box-sizing: border-box; display: inline-block; overflow: hidden; width: initial; height: initial; background: none; opacity: 1; border: 0px; margin: 0px; padding: 0px; position: relative; max-width: 100%;"><span style="box-sizing: border-box; display: block; width: initial; height: initial; background: none; opacity: 1; border: 0px; margin: 0px; padding: 0px; max-width: 100%;"><img alt="" aria-hidden="true" src="data:image/svg+xml,%3csvg%20xmlns=%27http://www.w3.org/2000/svg%27%20version=%271.1%27%20width=%27200%27%20height=%27185%27/%3e" style="display: block; max-width: 100%; width: initial; height: initial; background: none; opacity: 1; border: 0px; margin: 0px; padding: 0px;"></span><img alt="Potato (Surya) image" src="/_next/image?url=https%3A%2F%2Fimg.crofarm.com%2Fimages%2Fprodsmall%2Fed63b23e89a9.jpg&amp;w=640&amp;q=75" decoding="async" data-nimg="intrinsic" class="style_card_img__RJxGM" style="position: absolute; inset: 0px; box-sizing: border-box; padding: 0px; border: none; margin: auto; display: block; width: 0px; height: 0px; min-width: 100%; max-width: 100%; min-height: 100%; max-height: 100%;" srcset="/_next/image?url=https%3A%2F%2Fimg.crofarm.com%2Fimages%2Fprodsmall%2Fed63b23e89a9.jpg&amp;w=256&amp;q=75 1x, /_next/image?url=https%3A%2F%2Fimg.crofarm.com%2Fimages%2Fprodsmall%2Fed63b23e89a9.jpg&amp;w=640&amp;q=75 2x"></span><div class="style_card_info__xGm58"><h3 class="style_prod_name__QllSp">Potato (Surya)</h3><h6 class="style_prod_price__4TltC"><span class="style_striked_price__4ghn5">₹57.5</span><span class="style_selling_price__GaIsF">&nbsp;₹47.5/kg</span> </h6><div class="style_cta__2QWKl"><div><p class="style_final_price__FERLK">₹47.5&nbsp;&nbsp;<span class="style_prod_qt__cXcqe">900g - 1kg</span></p></div><div><span class="style_btn__0_x3D">Add</span></div></div></div></div></div><div class="style_card__v4i84    }"><div class="style_card_details__qi0G9"><span style="box-sizing: border-box; display: inline-block; overflow: hidden; width: initial; height: initial; background: none; opacity: 1; border: 0px; margin: 0px; padding: 0px; position: relative; max-width: 100%;"><span style="box-sizing: border-box; display: block; width: initial; height: initial; background: none; opacity: 1; border: 0px; margin: 0px; padding: 0px; max-width: 100%;"><img alt="" aria-hidden="true" src="data:image/svg+xml,%3csvg%20xmlns=%27http://www.w3.org/2000/svg%27%20version=%271.1%27%20width=%27200%27%20height=%27185%27/%3e" style="display: block; max-width: 100%; width: initial; height: initial; background: none; opacity: 1; border: 0px; margin: 0px; padding: 0px;"></span><img alt="Cucumber - Hybrid (Kheera) image" src="/_next/image?url=https%3A%2F%2Fimg.crofarm.com%2Fimages%2Fprodsmall%2Ff90ca2ef6aa5.jpg&amp;w=640&amp;q=75" decoding="async" data-nimg="intrinsic" class="style_card_img__RJxGM" style="position: absolute; inset: 0px; box-sizing: border-box; padding: 0px; border: none; margin: auto; display: block; width: 0px; height: 0px; min-width: 100%; max-width: 100%; min-height: 100%; max-height: 100%;" srcset="/_next/image?url=https%3A%2F%2Fimg.crofarm.com%2Fimages%2Fprodsmall%2Ff90ca2ef6aa5.jpg&amp;w=256&amp;q=75 1x, /_next/image?url=https%3A%2F%2Fimg.crofarm.com%2Fimages%2Fprodsmall%2Ff90ca2ef6aa5.jpg&amp;w=640&amp;q=75 2x"></span><div class="style_card_info__xGm58"><h3 class="style_prod_name__QllSp">Cucumber - Hybrid (Kheera)</h3><h6 class="style_prod_price__4TltC"><span class="style_striked_price__4ghn5">₹67.8</span><span class="style_selling_price__GaIsF">&nbsp;₹55.2/kg</span> </h6><div class="style_cta__2QWKl"><div><p class="style_final_price__FERLK">₹44.2&nbsp;&nbsp;<span class="style_prod_qt__cXcqe">800 g</span></p></div><div><span class="style_btn__0_x3D">Add</span></div></div></div></div></div><div class="style_card__v4i84    }"><div class="style_card_details__qi0G9"><span style="box-sizing: border-box; display: inline-block; overflow: hidden; width: initial; height: initial; background: none; opacity: 1; border: 0px; margin: 0px; padding: 0px; position: relative; max-width: 100%;"><span style="box-sizing: border-box; display: block; width: initial; height: initial; background: none; opacity: 1; border: 0px; margin: 0px; padding: 0px; max-width: 100%;"><img alt="" aria-hidden="true" src="data:image/svg+xml,%3csvg%20xmlns=%27http://www.w3.org/2000/svg%27%20version=%271.1%27%20width=%27200%27%20height=%27185%27/%3e" style="display: block; max-width: 100%; width: initial; height: initial; background: none; opacity: 1; border: 0px; margin: 0px; padding: 0px;"></span><img alt="Cucumber - Hybrid (Kheera) - 100% Safe image" src="/_next/image?url=https%3A%2F%2Fimg.crofarm.com%2Fimages%2Fprodsmall%2F835_1711968784.5861168_pdp.webp&amp;w=640&amp;q=75" decoding="async" data-nimg="intrinsic" class="style_card_img__RJxGM" style="position: absolute; inset: 0px; box-sizing: border-box; padding: 0px; border: none; margin: auto; display: block; width: 0px; height: 0px; min-width: 100%; max-width: 100%; min-height: 100%; max-height: 100%;" srcset="/_next/image?url=https%3A%2F%2Fimg.crofarm.com%2Fimages%2Fprodsmall%2F835_1711968784.5861168_pdp.webp&amp;w=256&amp;q=75 1x, /_next/image?url=https%3A%2F%2Fimg.crofarm.com%2Fimages%2Fprodsmall%2F835_1711968784.5861168_pdp.webp&amp;w=640&amp;q=75 2x"></span><div class="style_card_info__xGm58"><h3 class="style_prod_name__QllSp">Cucumber - Hybrid (Kheera) - 100% Safe</h3><h6 class="style_prod_price__4TltC"><span class="style_striked_price__4ghn5">₹72.8</span><span class="style_selling_price__GaIsF">&nbsp;₹60.2/kg</span> </h6><div class="style_cta__2QWKl"><div><p class="style_final_price__FERLK">₹48.2&nbsp;&nbsp;<span class="style_prod_qt__cXcqe">800 g</span></p></div><div><span class="style_btn__0_x3D">Add</span></div></div></div></div></div><div class="style_card__v4i84    }"><div class="style_card_details__qi0G9"><span style="box-sizing: border-box; display: inline-block; overflow: hidden; width: initial; height: initial; background: none; opacity: 1; border: 0px; margin: 0px; padding: 0px; position: relative; max-width: 100%;"><span style="box-sizing: border-box; display: block; width: initial; height: initial; background: none; opacity: 1; border: 0px; margin: 0px; padding: 0px; max-width: 100%;"><img alt="" aria-hidden="true" src="data:image/svg+xml,%3csvg%20xmlns=%27http://www.w3.org/2000/svg%27%20version=%271.1%27%20width=%27200%27%20height=%27185%27/%3e" style="display: block; max-width: 100%; width: initial; height: initial; background: none; opacity: 1; border: 0px; margin: 0px; padding: 0px;"></span><img alt="Baby Onion (Pyaaz) image" src="/_next/image?url=https%3A%2F%2Fimg.crofarm.com%2Fimages%2Fprodsmall%2F1264_1711968841.23475_pdp.webp&amp;w=640&amp;q=75" decoding="async" data-nimg="intrinsic" class="style_card_img__RJxGM" style="position: absolute; inset: 0px; box-sizing: border-box; padding: 0px; border: none; margin: auto; display: block; width: 0px; height: 0px; min-width: 100%; max-width: 100%; min-height: 100%; max-height: 100%;" srcset="/_next/image?url=https%3A%2F%2Fimg.crofarm.com%2Fimages%2Fprodsmall%2F1264_1711968841.23475_pdp.webp&amp;w=256&amp;q=75 1x, /_next/image?url=https%3A%2F%2Fimg.crofarm.com%2Fimages%2Fprodsmall%2F1264_1711968841.23475_pdp.webp&amp;w=640&amp;q=75 2x"></span><div class="style_card_info__xGm58"><h3 class="style_prod_name__QllSp">Baby Onion (Pyaaz)</h3><h6 class="style_prod_price__4TltC"><span class="style_striked_price__4ghn5">₹95</span><span class="style_selling_price__GaIsF">&nbsp;₹75/kg</span> </h6><div class="style_cta__2QWKl"><div><p class="style_final_price__FERLK">₹37.5&nbsp;&nbsp;<span class="style_prod_qt__cXcqe">500 g</span></p></div><div><span class="style_btn__0_x3D">Add</span></div></div></div></div></div><div class="style_card__v4i84    }"><div class="style_card_details__qi0G9"><span style="box-sizing: border-box; display: inline-block; overflow: hidden; width: initial; height: initial; background: none; opacity: 1; border: 0px; margin: 0px; padding: 0px; position: relative; max-width: 100%;"><span style="box-sizing: border-box; display: block; width: initial; height: initial; background: none; opacity: 1; border: 0px; margin: 0px; padding: 0px; max-width: 100%;"><img alt="" aria-hidden="true" src="data:image/svg+xml,%3csvg%20xmlns=%27http://www.w3.org/2000/svg%27%20version=%271.1%27%20width=%27200%27%20height=%27185%27/%3e" style="display: block; max-width: 100%; width: initial; height: initial; background: none; opacity: 1; border: 0px; margin: 0px; padding: 0px;"></span><img alt="Cucumber - Seedless (Kheera) image" src="/_next/image?url=https%3A%2F%2Fimg.crofarm.com%2Fimages%2Fprodsmall%2Ff78a51169dae.jpg&amp;w=640&amp;q=75" decoding="async" data-nimg="intrinsic" class="style_card_img__RJxGM" style="position: absolute; inset: 0px; box-sizing: border-box; padding: 0px; border: none; margin: auto; display: block; width: 0px; height: 0px; min-width: 100%; max-width: 100%; min-height: 100%; max-height: 100%;" srcset="/_next/image?url=https%3A%2F%2Fimg.crofarm.com%2Fimages%2Fprodsmall%2Ff78a51169dae.jpg&amp;w=256&amp;q=75 1x, /_next/image?url=https%3A%2F%2Fimg.crofarm.com%2Fimages%2Fprodsmall%2Ff78a51169dae.jpg&amp;w=640&amp;q=75 2x"></span><div class="style_card_info__xGm58"><h3 class="style_prod_name__QllSp">Cucumber - Seedless (Kheera)</h3><h6 class="style_prod_price__4TltC"><span class="style_striked_price__4ghn5">₹81</span><span class="style_selling_price__GaIsF">&nbsp;₹61/kg</span> </h6><div class="style_cta__2QWKl"><div><p class="style_final_price__FERLK">₹30.5&nbsp;&nbsp;<span class="style_prod_qt__cXcqe">500 g</span></p></div><div><span class="style_btn__0_x3D">Add</span></div></div></div></div></div><div class="style_card__v4i84    }"><div class="style_card_details__qi0G9"><span style="box-sizing: border-box; display: inline-block; overflow: hidden; width: initial; height: initial; background: none; opacity: 1; border: 0px; margin: 0px; padding: 0px; position: relative; max-width: 100%;"><span style="box-sizing: border-box; display: block; width: initial; height: initial; background: none; opacity: 1; border: 0px; margin: 0px; padding: 0px; max-width: 100%;"><img alt="" aria-hidden="true" src="data:image/svg+xml,%3csvg%20xmlns=%27http://www.w3.org/2000/svg%27%20version=%271.1%27%20width=%27200%27%20height=%27185%27/%3e" style="display: block; max-width: 100%; width: initial; height: initial; background: none; opacity: 1; border: 0px; margin: 0px; padding: 0px;"></span><img alt="Cucumber - Seedless (Kheera) - 100% Safe image" src="/_next/image?url=https%3A%2F%2Fimg.crofarm.com%2Fimages%2Fprodsmall%2F5966_1711968729.559346_pdp.webp&amp;w=640&amp;q=75" decoding="async" data-nimg="intrinsic" class="style_card_img__RJxGM" style="position: absolute; inset: 0px; box-sizing: border-box; padding: 0px; border: none; margin: auto; display: block; width: 0px; height: 0px; min-width: 100%; max-width: 100%; min-height: 100%; max-height: 100%;" srcset="/_next/image?url=https%3A%2F%2Fimg.crofarm.com%2Fimages%2Fprodsmall%2F5966_1711968729.559346_pdp.webp&amp;w=256&amp;q=75 1x, /_next/image?url=https%3A%2F%2Fimg.crofarm.com%2Fimages%2Fprodsmall%2F5966_1711968729.559346_pdp.webp&amp;w=640&amp;q=75 2x"></span><div class="style_card_info__xGm58"><h3 class="style_prod_name__QllSp">Cucumber - Seedless (Kheera) - 100% Safe</h3><h6 class="style_prod_price__4TltC"><span class="style_striked_price__4ghn5">₹89</span><span class="style_selling_price__GaIsF">&nbsp;₹69/kg</span> </h6><div class="style_cta__2QWKl"><div><p class="style_final_price__FERLK">₹34.5&nbsp;&nbsp;<span class="style_prod_qt__cXcqe">500 g</span></p></div><div><span class="style_btn__0_x3D">Add</span></div></div></div></div></div><div class="style_card__v4i84    }"><div class="style_card_details__qi0G9"><span style="box-sizing: border-box; display: inline-block; overflow: hidden; width: initial; height: initial; background: none; opacity: 1; border: 0px; margin: 0px; padding: 0px; position: relative; max-width: 100%;"><span style="box-sizing: border-box; display: block; width: initial; height: initial; background: none; opacity: 1; border: 0px; margin: 0px; padding: 0px; max-width: 100%;"><img alt="" aria-hidden="true" src="data:image/svg+xml,%3csvg%20xmlns=%27http://www.w3.org/2000/svg%27%20version=%271.1%27%20width=%27200%27%20height=%27185%27/%3e" style="display: block; max-width: 100%; width: initial; height: initial; background: none; opacity: 1; border: 0px; margin: 0px; padding: 0px;"></span><img alt="Spinach (Paalak) image" src="/_next/image?url=https%3A%2F%2Fimg.crofarm.com%2Fimages%2Fprodsmall%2F808_1711968848.5127914_pdp.webp&amp;w=640&amp;q=75" decoding="async" data-nimg="intrinsic" class="style_card_img__RJxGM" style="position: absolute; inset: 0px; box-sizing: border-box; padding: 0px; border: none; margin: auto; display: block; width: 0px; height: 0px; min-width: 100%; max-width: 100%; min-height: 100%; max-height: 100%;" srcset="/_next/image?url=https%3A%2F%2Fimg.crofarm.com%2Fimages%2Fprodsmall%2F808_1711968848.5127914_pdp.webp&amp;w=256&amp;q=75 1x, /_next/image?url=https%3A%2F%2Fimg.crofarm.com%2Fimages%2Fprodsmall%2F808_1711968848.5127914_pdp.webp&amp;w=640&amp;q=75 2x"></span><div class="style_card_info__xGm58"><h3 class="style_prod_name__QllSp">Spinach (Paalak)</h3><h6 class="style_prod_price__4TltC"><span class="style_striked_price__4ghn5">₹88.5</span><span class="style_selling_price__GaIsF">&nbsp;₹67.7/kg</span> </h6><div class="style_cta__2QWKl"><div><p class="style_final_price__FERLK">₹32.5&nbsp;&nbsp;<span class="style_prod_qt__cXcqe">500 g</span></p></div><div><span class="style_btn__0_x3D">Add</span></div></div></div></div></div><div class="style_card__v4i84    }"><div class="style_card_details__qi0G9"><span style="box-sizing: border-box; display: inline-block; overflow: hidden; width: initial; height: initial; background: none; opacity: 1; border: 0px; margin: 0px; padding: 0px; position: relative; max-width: 100%;"><span style="box-sizing: border-box; display: block; width: initial; height: initial; background: none; opacity: 1; border: 0px; margin: 0px; padding: 0px; max-width: 100%;"><img alt="" aria-hidden="true" src="data:image/svg+xml,%3csvg%20xmlns=%27http://www.w3.org/2000/svg%27%20version=%271.1%27%20width=%27200%27%20height=%27185%27/%3e" style="display: block; max-width: 100%; width: initial; height: initial; background: none; opacity: 1; border: 0px; margin: 0px; padding: 0px;"></span><img alt="Bottle Gourd - Medium (Lauki) image" src="/_next/image?url=https%3A%2F%2Fimg.crofarm.com%2Fimages%2Fprodsmall%2F27033_1727684823.3864267_pdp.webp&amp;w=640&amp;q=75" decoding="async" data-nimg="intrinsic" class="style_card_img__RJxGM" style="position: absolute; inset: 0px; box-sizing: border-box; padding: 0px; border: none; margin: auto; display: block; width: 0px; height: 0px; min-width: 100%; max-width: 100%; min-height: 100%; max-height: 100%;" srcset="/_next/image?url=https%3A%2F%2Fimg.crofarm.com%2Fimages%2Fprodsmall%2F27033_1727684823.3864267_pdp.webp&amp;w=256&amp;q=75 1x, /_next/image?url=https%3A%2F%2Fimg.crofarm.com%2Fimages%2Fprodsmall%2F27033_1727684823.3864267_pdp.webp&amp;w=640&amp;q=75 2x"></span><div class="style_card_info__xGm58"><h3 class="style_prod_name__QllSp">Bottle Gourd - Medium (Lauki)</h3><h6 class="style_prod_price__4TltC"><span class="style_striked_price__4ghn5">₹65.8</span><span class="style_selling_price__GaIsF">&nbsp;₹54.7/kg</span> </h6><div class="style_cta__2QWKl"><div><p class="style_final_price__FERLK">₹24.6&nbsp;&nbsp;<span class="style_prod_qt__cXcqe">450 g</span></p></div><div><span class="style_btn__0_x3D">Add</span></div></div></div></div></div><div class="style_card__v4i84    }"><div class="style_card_details__qi0G9"><span style="box-sizing: border-box; display: inline-block; overflow: hidden; width: initial; height: initial; background: none; opacity: 1; border: 0px; margin: 0px; padding: 0px; position: relative; max-width: 100%;"><span style="box-sizing: border-box; display: block; width: initial; height: initial; background: none; opacity: 1; border: 0px; margin: 0px; padding: 0px; max-width: 100%;"><img alt="" aria-hidden="true" src="data:image/svg+xml,%3csvg%20xmlns=%27http://www.w3.org/2000/svg%27%20version=%271.1%27%20width=%27200%27%20height=%27185%27/%3e" style="display: block; max-width: 100%; width: initial; height: initial; background: none; opacity: 1; border: 0px; margin: 0px; padding: 0px;"></span><img alt="Bottle Gourd - Medium (Lauki) - 100% Safe image" src="/_next/image?url=https%3A%2F%2Fimg.crofarm.com%2Fimages%2Fprodsmall%2F1301_1711968697.9030144_pdp.webp&amp;w=640&amp;q=75" decoding="async" data-nimg="intrinsic" class="style_card_img__RJxGM" style="position: absolute; inset: 0px; box-sizing: border-box; padding: 0px; border: none; margin: auto; display: block; width: 0px; height: 0px; min-width: 100%; max-width: 100%; min-height: 100%; max-height: 100%;" srcset="/_next/image?url=https%3A%2F%2Fimg.crofarm.com%2Fimages%2Fprodsmall%2F1301_1711968697.9030144_pdp.webp&amp;w=256&amp;q=75 1x, /_next/image?url=https%3A%2F%2Fimg.crofarm.com%2Fimages%2Fprodsmall%2F1301_1711968697.9030144_pdp.webp&amp;w=640&amp;q=75 2x"></span><div class="style_card_info__xGm58"><h3 class="style_prod_name__QllSp">Bottle Gourd - Medium (Lauki) - 100% Safe</h3><h6 class="style_prod_price__4TltC"><span class="style_striked_price__4ghn5">₹85.8</span><span class="style_selling_price__GaIsF">&nbsp;₹63.6/kg</span> </h6><div class="style_cta__2QWKl"><div><p class="style_final_price__FERLK">₹28.6&nbsp;&nbsp;<span class="style_prod_qt__cXcqe">450 g</span></p></div><div><span class="style_btn__0_x3D">Add</span></div></div></div></div></div><div class="style_card__v4i84    }"><div class="style_card_details__qi0G9"><span style="box-sizing: border-box; display: inline-block; overflow: hidden; width: initial; height: initial; background: none; opacity: 1; border: 0px; margin: 0px; padding: 0px; position: relative; max-width: 100%;"><span style="box-sizing: border-box; display: block; width: initial; height: initial; background: none; opacity: 1; border: 0px; margin: 0px; padding: 0px; max-width: 100%;"><img alt="" aria-hidden="true" src="data:image/svg+xml,%3csvg%20xmlns=%27http://www.w3.org/2000/svg%27%20version=%271.1%27%20width=%27200%27%20height=%27185%27/%3e" style="display: block; max-width: 100%; width: initial; height: initial; background: none; opacity: 1; border: 0px; margin: 0px; padding: 0px;"></span><img alt="Broccoli image" src="/_next/image?url=https%3A%2F%2Fimg.crofarm.com%2Fimages%2Fprodsmall%2F6062_1711968710.7546952_pdp.webp&amp;w=640&amp;q=75" decoding="async" data-nimg="intrinsic" class="style_card_img__RJxGM" style="position: absolute; inset: 0px; box-sizing: border-box; padding: 0px; border: none; margin: auto; display: block; width: 0px; height: 0px; min-width: 100%; max-width: 100%; min-height: 100%; max-height: 100%;" srcset="/_next/image?url=https%3A%2F%2Fimg.crofarm.com%2Fimages%2Fprodsmall%2F6062_1711968710.7546952_pdp.webp&amp;w=256&amp;q=75 1x, /_next/image?url=https%3A%2F%2Fimg.crofarm.com%2Fimages%2Fprodsmall%2F6062_1711968710.7546952_pdp.webp&amp;w=640&amp;q=75 2x"></span><div class="style_card_info__xGm58"><h3 class="style_prod_name__QllSp">Broccoli</h3><h6 class="style_prod_price__4TltC"><span class="style_striked_price__4ghn5">₹388.8</span><span class="style_selling_price__GaIsF">&nbsp;₹351.2/kg</span> </h6><div class="style_cta__2QWKl"><div><p class="style_final_price__FERLK">₹140.5&nbsp;&nbsp;<span class="style_prod_qt__cXcqe">400 g</span></p></div><div><span class="style_btn__0_x3D">Add</span></div></div></div></div></div><div class="style_card__v4i84    }"><div class="style_card_details__qi0G9"><span style="box-sizing: border-box; display: inline-block; overflow: hidden; width: initial; height: initial; background: none; opacity: 1; border: 0px; margin: 0px; padding: 0px; position: relative; max-width: 100%;"><span style="box-sizing: border-box; display: block; width: initial; height: initial; background: none; opacity: 1; border: 0px; margin: 0px; padding: 0px; max-width: 100%;"><img alt="" aria-hidden="true" src="data:image/svg+xml,%3csvg%20xmlns=%27http://www.w3.org/2000/svg%27%20version=%271.1%27%20width=%27200%27%20height=%27185%27/%3e" style="display: block; max-width: 100%; width: initial; height: initial; background: none; opacity: 1; border: 0px; margin: 0px; padding: 0px;"></span><img alt="Sponge Gourd (Tori) image" src="/_next/image?url=https%3A%2F%2Fimg.crofarm.com%2Fimages%2Fprodsmall%2F27028_1727684821.9837809_pdp.webp&amp;w=640&amp;q=75" decoding="async" data-nimg="intrinsic" class="style_card_img__RJxGM" style="position: absolute; inset: 0px; box-sizing: border-box; padding: 0px; border: none; margin: auto; display: block; width: 0px; height: 0px; min-width: 100%; max-width: 100%; min-height: 100%; max-height: 100%;" srcset="/_next/image?url=https%3A%2F%2Fimg.crofarm.com%2Fimages%2Fprodsmall%2F27028_1727684821.9837809_pdp.webp&amp;w=256&amp;q=75 1x, /_next/image?url=https%3A%2F%2Fimg.crofarm.com%2Fimages%2Fprodsmall%2F27028_1727684821.9837809_pdp.webp&amp;w=640&amp;q=75 2x"></span><div class="style_card_info__xGm58"><h3 class="style_prod_name__QllSp">Sponge Gourd (Tori)</h3><h6 class="style_prod_price__4TltC"><span class="style_striked_price__4ghn5">₹107.5</span><span class="style_selling_price__GaIsF">&nbsp;₹90.8/kg</span> </h6><div class="style_cta__2QWKl"><div><p class="style_final_price__FERLK">₹54.5&nbsp;&nbsp;<span class="style_prod_qt__cXcqe">600 g</span></p></div><div><span class="style_btn__0_x3D">Add</span></div></div></div></div></div><div class="style_card__v4i84    }"><div class="style_card_details__qi0G9"><span style="box-sizing: border-box; display: inline-block; overflow: hidden; width: initial; height: initial; background: none; opacity: 1; border: 0px; margin: 0px; padding: 0px; position: relative; max-width: 100%;"><span style="box-sizing: border-box; display: block; width: initial; height: initial; background: none; opacity: 1; border: 0px; margin: 0px; padding: 0px; max-width: 100%;"><img alt="" aria-hidden="true" src="data:image/svg+xml,%3csvg%20xmlns=%27http://www.w3.org/2000/svg%27%20version=%271.1%27%20width=%27200%27%20height=%27185%27/%3e" style="display: block; max-width: 100%; width: initial; height: initial; background: none; opacity: 1; border: 0px; margin: 0px; padding: 0px;"></span><img alt="Sponge Gourd (Tori) - 100% Safe image" src="/_next/image?url=https%3A%2F%2Fimg.crofarm.com%2Fimages%2Fprodsmall%2F871_1711968845.7771633_pdp.webp&amp;w=640&amp;q=75" decoding="async" data-nimg="intrinsic" class="style_card_img__RJxGM" style="position: absolute; inset: 0px; box-sizing: border-box; padding: 0px; border: none; margin: auto; display: block; width: 0px; height: 0px; min-width: 100%; max-width: 100%; min-height: 100%; max-height: 100%;" srcset="/_next/image?url=https%3A%2F%2Fimg.crofarm.com%2Fimages%2Fprodsmall%2F871_1711968845.7771633_pdp.webp&amp;w=256&amp;q=75 1x, /_next/image?url=https%3A%2F%2Fimg.crofarm.com%2Fimages%2Fprodsmall%2F871_1711968845.7771633_pdp.webp&amp;w=640&amp;q=75 2x"></span><div class="style_card_info__xGm58"><h3 class="style_prod_name__QllSp">Sponge Gourd (Tori) - 100% Safe</h3><h6 class="style_prod_price__4TltC"><span class="style_striked_price__4ghn5">₹115.8</span><span class="style_selling_price__GaIsF">&nbsp;₹99.2/kg</span> </h6><div class="style_cta__2QWKl"><div><p class="style_final_price__FERLK">₹59.5&nbsp;&nbsp;<span class="style_prod_qt__cXcqe">600 g</span></p></div><div><span class="style_btn__0_x3D">Add</span></div></div></div></div></div><div class="style_card__v4i84    }"><div class="style_card_details__qi0G9"><span style="box-sizing: border-box; display: inline-block; overflow: hidden; width: initial; height: initial; background: none; opacity: 1; border: 0px; margin: 0px; padding: 0px; position: relative; max-width: 100%;"><span style="box-sizing: border-box; display: block; width: initial; height: initial; background: none; opacity: 1; border: 0px; margin: 0px; padding: 0px; max-width: 100%;"><img alt="" aria-hidden="true" src="data:image/svg+xml,%3csvg%20xmlns=%27http://www.w3.org/2000/svg%27%20version=%271.1%27%20width=%27200%27%20height=%27185%27/%3e" style="display: block; max-width: 100%; width: initial; height: initial; background: none; opacity: 1; border: 0px; margin: 0px; padding: 0px;"></span><img alt="Bottle Gourd - Long (Lauki) image" src="/_next/image?url=https%3A%2F%2Fimg.crofarm.com%2Fimages%2Fprodsmall%2Ff93c19de37eb.jpg&amp;w=640&amp;q=75" decoding="async" data-nimg="intrinsic" class="style_card_img__RJxGM" style="position: absolute; inset: 0px; box-sizing: border-box; padding: 0px; border: none; margin: auto; display: block; width: 0px; height: 0px; min-width: 100%; max-width: 100%; min-height: 100%; max-height: 100%;" srcset="/_next/image?url=https%3A%2F%2Fimg.crofarm.com%2Fimages%2Fprodsmall%2Ff93c19de37eb.jpg&amp;w=256&amp;q=75 1x, /_next/image?url=https%3A%2F%2Fimg.crofarm.com%2Fimages%2Fprodsmall%2Ff93c19de37eb.jpg&amp;w=640&amp;q=75 2x"></span><div class="style_card_info__xGm58"><h3 class="style_prod_name__QllSp">Bottle Gourd - Long (Lauki)</h3><h6 class="style_prod_price__4TltC"><span class="style_striked_price__4ghn5">₹64.6</span><span class="style_selling_price__GaIsF">&nbsp;₹50.3/kg</span> </h6><div class="style_cta__2QWKl"><div><p class="style_final_price__FERLK">₹35.2&nbsp;&nbsp;<span class="style_prod_qt__cXcqe">700 g</span></p></div><div><span class="style_btn__0_x3D">Add</span></div></div></div></div></div><div class="style_card__v4i84    }"><div class="style_card_details__qi0G9"><span style="box-sizing: border-box; display: inline-block; overflow: hidden; width: initial; height: initial; background: none; opacity: 1; border: 0px; margin: 0px; padding: 0px; position: relative; max-width: 100%;"><span style="box-sizing: border-box; display: block; width: initial; height: initial; background: none; opacity: 1; border: 0px; margin: 0px; padding: 0px; max-width: 100%;"><img alt="" aria-hidden="true" src="data:image/svg+xml,%3csvg%20xmlns=%27http://www.w3.org/2000/svg%27%20version=%271.1%27%20width=%27200%27%20height=%27185%27/%3e" style="display: block; max-width: 100%; width: initial; height: initial; background: none; opacity: 1; border: 0px; margin: 0px; padding: 0px;"></span><img alt="Lemon - Desi (Nimbu) image" src="/_next/image?url=https%3A%2F%2Fimg.crofarm.com%2Fimages%2Fprodsmall%2Fed43a5ee3961.jpg&amp;w=640&amp;q=75" decoding="async" data-nimg="intrinsic" class="style_card_img__RJxGM" style="position: absolute; inset: 0px; box-sizing: border-box; padding: 0px; border: none; margin: auto; display: block; width: 0px; height: 0px; min-width: 100%; max-width: 100%; min-height: 100%; max-height: 100%;" srcset="/_next/image?url=https%3A%2F%2Fimg.crofarm.com%2Fimages%2Fprodsmall%2Fed43a5ee3961.jpg&amp;w=256&amp;q=75 1x, /_next/image?url=https%3A%2F%2Fimg.crofarm.com%2Fimages%2Fprodsmall%2Fed43a5ee3961.jpg&amp;w=640&amp;q=75 2x"></span><div class="style_card_info__xGm58"><h3 class="style_prod_name__QllSp">Lemon - Desi (Nimbu)</h3><h6 class="style_prod_price__4TltC"><span class="style_striked_price__4ghn5">₹240.4</span><span class="style_selling_price__GaIsF">&nbsp;₹200.4/kg</span> </h6><div class="style_cta__2QWKl"><div><p class="style_final_price__FERLK">₹50.1&nbsp;&nbsp;<span class="style_prod_qt__cXcqe">0.25</span></p></div><div><span class="style_btn__0_x3D">Add</span></div></div></div></div></div><div class="style_card__v4i84    }"><div class="style_card_details__qi0G9"><span style="box-sizing: border-box; display: inline-block; overflow: hidden; width: initial; height: initial; background: none; opacity: 1; border: 0px; margin: 0px; padding: 0px; position: relative; max-width: 100%;"><span style="box-sizing: border-box; display: block; width: initial; height: initial; background: none; opacity: 1; border: 0px; margin: 0px; padding: 0px; max-width: 100%;"><img alt="" aria-hidden="true" src="data:image/svg+xml,%3csvg%20xmlns=%27http://www.w3.org/2000/svg%27%20version=%271.1%27%20width=%27200%27%20height=%27185%27/%3e" style="display: block; max-width: 100%; width: initial; height: initial; background: none; opacity: 1; border: 0px; margin: 0px; padding: 0px;"></span><img alt="Lemon - Desi (Nimbu) - 100% Safe image" src="/_next/image?url=https%3A%2F%2Fimg.crofarm.com%2Fimages%2Fprodsmall%2F775_1711968772.2367551_pdp.webp&amp;w=640&amp;q=75" decoding="async" data-nimg="intrinsic" class="style_card_img__RJxGM" style="position: absolute; inset: 0px; box-sizing: border-box; padding: 0px; border: none; margin: auto; display: block; width: 0px; height: 0px; min-width: 100%; max-width: 100%; min-height: 100%; max-height: 100%;" srcset="/_next/image?url=https%3A%2F%2Fimg.crofarm.com%2Fimages%2Fprodsmall%2F775_1711968772.2367551_pdp.webp&amp;w=256&amp;q=75 1x, /_next/image?url=https%3A%2F%2Fimg.crofarm.com%2Fimages%2Fprodsmall%2F775_1711968772.2367551_pdp.webp&amp;w=640&amp;q=75 2x"></span><div class="style_card_info__xGm58"><h3 class="style_prod_name__QllSp">Lemon - Desi (Nimbu) - 100% Safe</h3><h6 class="style_prod_price__4TltC"><span class="style_striked_price__4ghn5">₹256.4</span><span class="style_selling_price__GaIsF">&nbsp;₹216.4/kg</span> </h6><div class="style_cta__2QWKl"><div><p class="style_final_price__FERLK">₹54.1&nbsp;&nbsp;<span class="style_prod_qt__cXcqe">250 g</span></p></div><div><span class="style_btn__0_x3D">Add</span></div></div></div></div></div><div class="style_card__v4i84    }"><div class="style_card_details__qi0G9"><span style="box-sizing: border-box; display: inline-block; overflow: hidden; width: initial; height: initial; background: none; opacity: 1; border: 0px; margin: 0px; padding: 0px; position: relative; max-width: 100%;"><span style="box-sizing: border-box; display: block; width: initial; height: initial; background: none; opacity: 1; border: 0px; margin: 0px; padding: 0px; max-width: 100%;"><img alt="" aria-hidden="true" src="data:image/svg+xml,%3csvg%20xmlns=%27http://www.w3.org/2000/svg%27%20version=%271.1%27%20width=%27200%27%20height=%27185%27/%3e" style="display: block; max-width: 100%; width: initial; height: initial; background: none; opacity: 1; border: 0px; margin: 0px; padding: 0px;"></span><img alt="Brinjal - Small (Chu Chu Baingan) image" src="/_next/image?url=https%3A%2F%2Fimg.crofarm.com%2Fimages%2Fprodsmall%2F27032_1727684824.4395452_pdp.webp&amp;w=640&amp;q=75" decoding="async" data-nimg="intrinsic" class="style_card_img__RJxGM" style="position: absolute; inset: 0px; box-sizing: border-box; padding: 0px; border: none; margin: auto; display: block; width: 0px; height: 0px; min-width: 100%; max-width: 100%; min-height: 100%; max-height: 100%;" srcset="/_next/image?url=https%3A%2F%2Fimg.crofarm.com%2Fimages%2Fprodsmall%2F27032_1727684824.4395452_pdp.webp&amp;w=256&amp;q=75 1x, /_next/image?url=https%3A%2F%2Fimg.crofarm.com%2Fimages%2Fprodsmall%2F27032_1727684824.4395452_pdp.webp&amp;w=640&amp;q=75 2x"></span><div class="style_card_info__xGm58"><h3 class="style_prod_name__QllSp">Brinjal - Small (Chu Chu Baingan)</h3><h6 class="style_prod_price__4TltC"><span class="style_striked_price__4ghn5">₹73.8</span><span class="style_selling_price__GaIsF">&nbsp;₹61.2/kg</span> </h6><div class="style_cta__2QWKl"><div><p class="style_final_price__FERLK">₹24.5&nbsp;&nbsp;<span class="style_prod_qt__cXcqe">400 g</span></p></div><div><span class="style_btn__0_x3D">Add</span></div></div></div></div></div><div class="style_card__v4i84    }"><div class="style_card_details__qi0G9"><span style="box-sizing: border-box; display: inline-block; overflow: hidden; width: initial; height: initial; background: none; opacity: 1; border: 0px; margin: 0px; padding: 0px; position: relative; max-width: 100%;"><span style="box-sizing: border-box; display: block; width: initial; height: initial; background: none; opacity: 1; border: 0px; margin: 0px; padding: 0px; max-width: 100%;"><img alt="" aria-hidden="true" src="data:image/svg+xml,%3csvg%20xmlns=%27http://www.w3.org/2000/svg%27%20version=%271.1%27%20width=%27200%27%20height=%27185%27/%3e" style="display: block; max-width: 100%; width: initial; height: initial; background: none; opacity: 1; border: 0px; margin: 0px; padding: 0px;"></span><img alt="Brinjal - Small (Chu Chu Baingan) - 100% Safe image" src="/_next/image?url=https%3A%2F%2Fimg.crofarm.com%2Fimages%2Fprodsmall%2F1010_1711968719.347335_pdp.webp&amp;w=640&amp;q=75" decoding="async" data-nimg="intrinsic" class="style_card_img__RJxGM" style="position: absolute; inset: 0px; box-sizing: border-box; padding: 0px; border: none; margin: auto; display: block; width: 0px; height: 0px; min-width: 100%; max-width: 100%; min-height: 100%; max-height: 100%;" srcset="/_next/image?url=https%3A%2F%2Fimg.crofarm.com%2Fimages%2Fprodsmall%2F1010_1711968719.347335_pdp.webp&amp;w=256&amp;q=75 1x, /_next/image?url=https%3A%2F%2Fimg.crofarm.com%2Fimages%2Fprodsmall%2F1010_1711968719.347335_pdp.webp&amp;w=640&amp;q=75 2x"></span><div class="style_card_info__xGm58"><h3 class="style_prod_name__QllSp">Brinjal - Small (Chu Chu Baingan) - 100% Safe</h3><h6 class="style_prod_price__4TltC"><span class="style_striked_price__4ghn5">₹96.2</span><span class="style_selling_price__GaIsF">&nbsp;₹71.2/kg</span> </h6><div class="style_cta__2QWKl"><div><p class="style_final_price__FERLK">₹28.5&nbsp;&nbsp;<span class="style_prod_qt__cXcqe">400 g</span></p></div><div><span class="style_btn__0_x3D">Add</span></div></div></div></div></div><div class="style_card__v4i84    }"><div class="style_card_details__qi0G9"><span style="box-sizing: border-box; display: inline-block; overflow: hidden; width: initial; height: initial; background: none; opacity: 1; border: 0px; margin: 0px; padding: 0px; position: relative; max-width: 100%;"><span style="box-sizing: border-box; display: block; width: initial; height: initial; background: none; opacity: 1; border: 0px; margin: 0px; padding: 0px; max-width: 100%;"><img alt="" aria-hidden="true" src="data:image/svg+xml,%3csvg%20xmlns=%27http://www.w3.org/2000/svg%27%20version=%271.1%27%20width=%27200%27%20height=%27185%27/%3e" style="display: block; max-width: 100%; width: initial; height: initial; background: none; opacity: 1; border: 0px; margin: 0px; padding: 0px;"></span><img alt="Beans - Cowpea (Lobia Phali) image" src="/_next/image?url=https%3A%2F%2Fimg.crofarm.com%2Fimages%2Fprodsmall%2F884_1711968787.9942625_pdp.webp&amp;w=640&amp;q=75" decoding="async" data-nimg="intrinsic" class="style_card_img__RJxGM" style="position: absolute; inset: 0px; box-sizing: border-box; padding: 0px; border: none; margin: auto; display: block; width: 0px; height: 0px; min-width: 100%; max-width: 100%; min-height: 100%; max-height: 100%;" srcset="/_next/image?url=https%3A%2F%2Fimg.crofarm.com%2Fimages%2Fprodsmall%2F884_1711968787.9942625_pdp.webp&amp;w=256&amp;q=75 1x, /_next/image?url=https%3A%2F%2Fimg.crofarm.com%2Fimages%2Fprodsmall%2F884_1711968787.9942625_pdp.webp&amp;w=640&amp;q=75 2x"></span><div class="style_card_info__xGm58"><h3 class="style_prod_name__QllSp">Beans - Cowpea (Lobia Phali)</h3><h6 class="style_prod_price__4TltC"><span class="style_striked_price__4ghn5">₹129</span><span class="style_selling_price__GaIsF">&nbsp;₹109/kg</span> </h6><div class="style_cta__2QWKl"><div><p class="style_final_price__FERLK">₹54.5&nbsp;&nbsp;<span class="style_prod_qt__cXcqe">500 g</span></p></div><div><span class="style_btn__0_x3D">Add</span></div></div></div></div></div><div class="style_card__v4i84    }"><div class="style_card_details__qi0G9"><span style="box-sizing: border-box; display: inline-block; overflow: hidden; width: initial; height: initial; background: none; opacity: 1; border: 0px; margin: 0px; padding: 0px; position: relative; max-width: 100%;"><span style="box-sizing: border-box; display: block; width: initial; height: initial; background: none; opacity: 1; border: 0px; margin: 0px; padding: 0px; max-width: 100%;"><img alt="" aria-hidden="true" src="data:image/svg+xml,%3csvg%20xmlns=%27http://www.w3.org/2000/svg%27%20version=%271.1%27%20width=%27200%27%20height=%27185%27/%3e" style="display: block; max-width: 100%; width: initial; height: initial; background: none; opacity: 1; border: 0px; margin: 0px; padding: 0px;"></span><img alt="Beans - Flat Lima (Sem Phali) image" src="/_next/image?url=https%3A%2F%2Fimg.crofarm.com%2Fimages%2Fprodsmall%2F1365_1711968817.62357_pdp.webp&amp;w=640&amp;q=75" decoding="async" data-nimg="intrinsic" class="style_card_img__RJxGM" style="position: absolute; inset: 0px; box-sizing: border-box; padding: 0px; border: none; margin: auto; display: block; width: 0px; height: 0px; min-width: 100%; max-width: 100%; min-height: 100%; max-height: 100%;" srcset="/_next/image?url=https%3A%2F%2Fimg.crofarm.com%2Fimages%2Fprodsmall%2F1365_1711968817.62357_pdp.webp&amp;w=256&amp;q=75 1x, /_next/image?url=https%3A%2F%2Fimg.crofarm.com%2Fimages%2Fprodsmall%2F1365_1711968817.62357_pdp.webp&amp;w=640&amp;q=75 2x"></span><div class="style_card_info__xGm58"><h3 class="style_prod_name__QllSp">Beans - Flat Lima (Sem Phali)</h3><h6 class="style_prod_price__4TltC"><span class="style_striked_price__4ghn5">₹91.7</span><span class="style_selling_price__GaIsF">&nbsp;₹100.7/kg</span> </h6><div class="style_cta__2QWKl"><div><p class="style_final_price__FERLK">₹30.2&nbsp;&nbsp;<span class="style_prod_qt__cXcqe">300 g</span></p></div><div><span class="style_btn__0_x3D">Add</span></div></div></div></div></div><div class="style_card__v4i84    }"><div class="style_card_details__qi0G9"><span style="box-sizing: border-box; display: inline-block; overflow: hidden; width: initial; height: initial; background: none; opacity: 1; border: 0px; margin: 0px; padding: 0px; position: relative; max-width: 100%;"><span style="box-sizing: border-box; display: block; width: initial; height: initial; background: none; opacity: 1; border: 0px; margin: 0px; padding: 0px; max-width: 100%;"><img alt="" aria-hidden="true" src="data:image/svg+xml,%3csvg%20xmlns=%27http://www.w3.org/2000/svg%27%20version=%271.1%27%20width=%27200%27%20height=%27185%27/%3e" style="display: block; max-width: 100%; width: initial; height: initial; background: none; opacity: 1; border: 0px; margin: 0px; padding: 0px;"></span><img alt="Bitter Gourd (Karela) - 100% Safe image" src="/_next/image?url=https%3A%2F%2Fimg.crofarm.com%2Fimages%2Fprodsmall%2Ffa5196da36fc.jpg&amp;w=640&amp;q=75" decoding="async" data-nimg="intrinsic" class="style_card_img__RJxGM" style="position: absolute; inset: 0px; box-sizing: border-box; padding: 0px; border: none; margin: auto; display: block; width: 0px; height: 0px; min-width: 100%; max-width: 100%; min-height: 100%; max-height: 100%;" srcset="/_next/image?url=https%3A%2F%2Fimg.crofarm.com%2Fimages%2Fprodsmall%2Ffa5196da36fc.jpg&amp;w=256&amp;q=75 1x, /_next/image?url=https%3A%2F%2Fimg.crofarm.com%2Fimages%2Fprodsmall%2Ffa5196da36fc.jpg&amp;w=640&amp;q=75 2x"></span><div class="style_card_info__xGm58"><h3 class="style_prod_name__QllSp">Bitter Gourd (Karela) - 100% Safe</h3><h6 class="style_prod_price__4TltC"><span class="style_striked_price__4ghn5">₹131.7</span><span class="style_selling_price__GaIsF">&nbsp;₹98.3/kg</span> </h6><div class="style_cta__2QWKl"><div><p class="style_final_price__FERLK">₹29.5&nbsp;&nbsp;<span class="style_prod_qt__cXcqe">300 g</span></p></div><div><span class="style_btn__0_x3D">Add</span></div></div></div></div></div><div class="style_card__v4i84    }"><div class="style_card_details__qi0G9"><span style="box-sizing: border-box; display: inline-block; overflow: hidden; width: initial; height: initial; background: none; opacity: 1; border: 0px; margin: 0px; padding: 0px; position: relative; max-width: 100%;"><span style="box-sizing: border-box; display: block; width: initial; height: initial; background: none; opacity: 1; border: 0px; margin: 0px; padding: 0px; max-width: 100%;"><img alt="" aria-hidden="true" src="data:image/svg+xml,%3csvg%20xmlns=%27http://www.w3.org/2000/svg%27%20version=%271.1%27%20width=%27200%27%20height=%27185%27/%3e" style="display: block; max-width: 100%; width: initial; height: initial; background: none; opacity: 1; border: 0px; margin: 0px; padding: 0px;"></span><img alt="Bitter Gourd (Karela) image" src="/_next/image?url=https%3A%2F%2Fimg.crofarm.com%2Fimages%2Fprodsmall%2F27024_1727684824.0733807_pdp.webp&amp;w=640&amp;q=75" decoding="async" data-nimg="intrinsic" class="style_card_img__RJxGM" style="position: absolute; inset: 0px; box-sizing: border-box; padding: 0px; border: none; margin: auto; display: block; width: 0px; height: 0px; min-width: 100%; max-width: 100%; min-height: 100%; max-height: 100%;" srcset="/_next/image?url=https%3A%2F%2Fimg.crofarm.com%2Fimages%2Fprodsmall%2F27024_1727684824.0733807_pdp.webp&amp;w=256&amp;q=75 1x, /_next/image?url=https%3A%2F%2Fimg.crofarm.com%2Fimages%2Fprodsmall%2F27024_1727684824.0733807_pdp.webp&amp;w=640&amp;q=75 2x"></span><div class="style_card_info__xGm58"><h3 class="style_prod_name__QllSp">Bitter Gourd (Karela)</h3><h6 class="style_prod_price__4TltC"><span class="style_striked_price__4ghn5">₹90.4</span><span class="style_selling_price__GaIsF">&nbsp;₹70.4/kg</span> </h6><div class="style_cta__2QWKl"><div><p class="style_final_price__FERLK">₹35.2&nbsp;&nbsp;<span class="style_prod_qt__cXcqe">500 g</span></p></div><div><span class="style_btn__0_x3D">Add</span></div></div></div></div></div><div class="style_card__v4i84    }"><div class="style_card_details__qi0G9"><span style="box-sizing: border-box; display: inline-block; overflow: hidden; width: initial; height: initial; background: none; opacity: 1; border: 0px; margin: 0px; padding: 0px; position: relative; max-width: 100%;"><span style="box-sizing: border-box; display: block; width: initial; height: initial; background: none; opacity: 1; border: 0px; margin: 0px; padding: 0px; max-width: 100%;"><img alt="" aria-hidden="true" src="data:image/svg+xml,%3csvg%20xmlns=%27http://www.w3.org/2000/svg%27%20version=%271.1%27%20width=%27200%27%20height=%27185%27/%3e" style="display: block; max-width: 100%; width: initial; height: initial; background: none; opacity: 1; border: 0px; margin: 0px; padding: 0px;"></span><img alt="Bitter Gourd (Karela) image" src="/_next/image?url=https%3A%2F%2Fimg.crofarm.com%2Fimages%2Fprodsmall%2F27036_1727684826.6162705_pdp.webp&amp;w=640&amp;q=75" decoding="async" data-nimg="intrinsic" class="style_card_img__RJxGM" style="position: absolute; inset: 0px; box-sizing: border-box; padding: 0px; border: none; margin: auto; display: block; width: 0px; height: 0px; min-width: 100%; max-width: 100%; min-height: 100%; max-height: 100%;" srcset="/_next/image?url=https%3A%2F%2Fimg.crofarm.com%2Fimages%2Fprodsmall%2F27036_1727684826.6162705_pdp.webp&amp;w=256&amp;q=75 1x, /_next/image?url=https%3A%2F%2Fimg.crofarm.com%2Fimages%2Fprodsmall%2F27036_1727684826.6162705_pdp.webp&amp;w=640&amp;q=75 2x"></span><div class="style_card_info__xGm58"><h3 class="style_prod_name__QllSp">Bitter Gourd (Karela)</h3><h6 class="style_prod_price__4TltC"><span class="style_striked_price__4ghn5">₹118.3</span><span class="style_selling_price__GaIsF">&nbsp;₹85/kg</span> </h6><div class="style_cta__2QWKl"><div><p class="style_final_price__FERLK">₹25.5&nbsp;&nbsp;<span class="style_prod_qt__cXcqe">300 g</span></p></div><div><span class="style_btn__0_x3D">Add</span></div></div></div></div></div><div class="style_card__v4i84    }"><div class="style_card_details__qi0G9"><span style="box-sizing: border-box; display: inline-block; overflow: hidden; width: initial; height: initial; background: none; opacity: 1; border: 0px; margin: 0px; padding: 0px; position: relative; max-width: 100%;"><span style="box-sizing: border-box; display: block; width: initial; height: initial; background: none; opacity: 1; border: 0px; margin: 0px; padding: 0px; max-width: 100%;"><img alt="" aria-hidden="true" src="data:image/svg+xml,%3csvg%20xmlns=%27http://www.w3.org/2000/svg%27%20version=%271.1%27%20width=%27200%27%20height=%27185%27/%3e" style="display: block; max-width: 100%; width: initial; height: initial; background: none; opacity: 1; border: 0px; margin: 0px; padding: 0px;"></span><img alt="Bitter Gourd (Karela) - 100% Safe image" src="/_next/image?url=https%3A%2F%2Fimg.crofarm.com%2Fimages%2Fprodsmall%2F832_1711968802.5932848_pdp.webp&amp;w=640&amp;q=75" decoding="async" data-nimg="intrinsic" class="style_card_img__RJxGM" style="position: absolute; inset: 0px; box-sizing: border-box; padding: 0px; border: none; margin: auto; display: block; width: 0px; height: 0px; min-width: 100%; max-width: 100%; min-height: 100%; max-height: 100%;" srcset="/_next/image?url=https%3A%2F%2Fimg.crofarm.com%2Fimages%2Fprodsmall%2F832_1711968802.5932848_pdp.webp&amp;w=256&amp;q=75 1x, /_next/image?url=https%3A%2F%2Fimg.crofarm.com%2Fimages%2Fprodsmall%2F832_1711968802.5932848_pdp.webp&amp;w=640&amp;q=75 2x"></span><div class="style_card_info__xGm58"><h3 class="style_prod_name__QllSp">Bitter Gourd (Karela) - 100% Safe</h3><h6 class="style_prod_price__4TltC"><span class="style_striked_price__4ghn5">₹98.4</span><span class="style_selling_price__GaIsF">&nbsp;₹78.4/kg</span> </h6><div class="style_cta__2QWKl"><div><p class="style_final_price__FERLK">₹39.2&nbsp;&nbsp;<span class="style_prod_qt__cXcqe">500 g</span></p></div><div><span class="style_btn__0_x3D">Add</span></div></div></div></div></div><div class="style_card__v4i84    }"><div class="style_card_details__qi0G9"><span style="box-sizing: border-box; display: inline-block; overflow: hidden; width: initial; height: initial; background: none; opacity: 1; border: 0px; margin: 0px; padding: 0px; position: relative; max-width: 100%;"><span style="box-sizing: border-box; display: block; width: initial; height: initial; background: none; opacity: 1; border: 0px; margin: 0px; padding: 0px; max-width: 100%;"><img alt="" aria-hidden="true" src="data:image/svg+xml,%3csvg%20xmlns=%27http://www.w3.org/2000/svg%27%20version=%271.1%27%20width=%27200%27%20height=%27185%27/%3e" style="display: block; max-width: 100%; width: initial; height: initial; background: none; opacity: 1; border: 0px; margin: 0px; padding: 0px;"></span><img alt="Onion (Pyaaz) image" src="/_next/image?url=https%3A%2F%2Fimg.crofarm.com%2Fimages%2Fprodsmall%2F771_1711968740.104106_pdp.webp&amp;w=640&amp;q=75" decoding="async" data-nimg="intrinsic" class="style_card_img__RJxGM" style="position: absolute; inset: 0px; box-sizing: border-box; padding: 0px; border: none; margin: auto; display: block; width: 0px; height: 0px; min-width: 100%; max-width: 100%; min-height: 100%; max-height: 100%;" srcset="/_next/image?url=https%3A%2F%2Fimg.crofarm.com%2Fimages%2Fprodsmall%2F771_1711968740.104106_pdp.webp&amp;w=256&amp;q=75 1x, /_next/image?url=https%3A%2F%2Fimg.crofarm.com%2Fimages%2Fprodsmall%2F771_1711968740.104106_pdp.webp&amp;w=640&amp;q=75 2x"></span><div class="style_card_info__xGm58"><h3 class="style_prod_name__QllSp">Onion (Pyaaz)</h3><h6 class="style_prod_price__4TltC"><span class="style_striked_price__4ghn5">₹80.2</span><span class="style_selling_price__GaIsF">&nbsp;₹70.2/kg</span> </h6><div class="style_cta__2QWKl"><div><p class="style_final_price__FERLK">₹70.2&nbsp;&nbsp;<span class="style_prod_qt__cXcqe">1 kg</span></p></div><div><span class="style_btn__0_x3D">Add</span></div></div></div></div></div><div class="style_card__v4i84    }"><div class="style_card_details__qi0G9"><span style="box-sizing: border-box; display: inline-block; overflow: hidden; width: initial; height: initial; background: none; opacity: 1; border: 0px; margin: 0px; padding: 0px; position: relative; max-width: 100%;"><span style="box-sizing: border-box; display: block; width: initial; height: initial; background: none; opacity: 1; border: 0px; margin: 0px; padding: 0px; max-width: 100%;"><img alt="" aria-hidden="true" src="data:image/svg+xml,%3csvg%20xmlns=%27http://www.w3.org/2000/svg%27%20version=%271.1%27%20width=%27200%27%20height=%27185%27/%3e" style="display: block; max-width: 100%; width: initial; height: initial; background: none; opacity: 1; border: 0px; margin: 0px; padding: 0px;"></span><img alt="Sprouts - Kabuli Chana image" src="/_next/image?url=https%3A%2F%2Fimg.crofarm.com%2Fimages%2Fprodsmall%2F7565_1711968852.1342275_pdp.webp&amp;w=640&amp;q=75" decoding="async" data-nimg="intrinsic" class="style_card_img__RJxGM" style="position: absolute; inset: 0px; box-sizing: border-box; padding: 0px; border: none; margin: auto; display: block; width: 0px; height: 0px; min-width: 100%; max-width: 100%; min-height: 100%; max-height: 100%;" srcset="/_next/image?url=https%3A%2F%2Fimg.crofarm.com%2Fimages%2Fprodsmall%2F7565_1711968852.1342275_pdp.webp&amp;w=256&amp;q=75 1x, /_next/image?url=https%3A%2F%2Fimg.crofarm.com%2Fimages%2Fprodsmall%2F7565_1711968852.1342275_pdp.webp&amp;w=640&amp;q=75 2x"></span><div class="style_card_info__xGm58"><h3 class="style_prod_name__QllSp">Sprouts - Kabuli Chana</h3><h6 class="style_prod_price__4TltC"><span class="style_striked_price__4ghn5">₹38.4</span><span class="style_selling_price__GaIsF">&nbsp;₹28.4/Pack</span> </h6><div class="style_cta__2QWKl"><div><p class="style_final_price__FERLK">₹28.4&nbsp;&nbsp;<span class="style_prod_qt__cXcqe">150 g</span></p></div><div><span class="style_btn__0_x3D">Add</span></div></div></div></div></div><div class="style_card__v4i84    }"><div class="style_card_details__qi0G9"><span style="box-sizing: border-box; display: inline-block; overflow: hidden; width: initial; height: initial; background: none; opacity: 1; border: 0px; margin: 0px; padding: 0px; position: relative; max-width: 100%;"><span style="box-sizing: border-box; display: block; width: initial; height: initial; background: none; opacity: 1; border: 0px; margin: 0px; padding: 0px; max-width: 100%;"><img alt="" aria-hidden="true" src="data:image/svg+xml,%3csvg%20xmlns=%27http://www.w3.org/2000/svg%27%20version=%271.1%27%20width=%27200%27%20height=%27185%27/%3e" style="display: block; max-width: 100%; width: initial; height: initial; background: none; opacity: 1; border: 0px; margin: 0px; padding: 0px;"></span><img alt="Papaya - Medium (Raw Papita) image" src="/_next/image?url=https%3A%2F%2Fimg.crofarm.com%2Fimages%2Fprodsmall%2F1048_1711968723.0252433_pdp.webp&amp;w=640&amp;q=75" decoding="async" data-nimg="intrinsic" class="style_card_img__RJxGM" style="position: absolute; inset: 0px; box-sizing: border-box; padding: 0px; border: none; margin: auto; display: block; width: 0px; height: 0px; min-width: 100%; max-width: 100%; min-height: 100%; max-height: 100%;" srcset="/_next/image?url=https%3A%2F%2Fimg.crofarm.com%2Fimages%2Fprodsmall%2F1048_1711968723.0252433_pdp.webp&amp;w=256&amp;q=75 1x, /_next/image?url=https%3A%2F%2Fimg.crofarm.com%2Fimages%2Fprodsmall%2F1048_1711968723.0252433_pdp.webp&amp;w=640&amp;q=75 2x"></span><div class="style_card_info__xGm58"><h3 class="style_prod_name__QllSp">Papaya - Medium (Raw Papita)</h3><h6 class="style_prod_price__4TltC"><span class="style_striked_price__4ghn5">₹43.2</span><span class="style_selling_price__GaIsF">&nbsp;₹33.2/pc</span> </h6><div class="style_cta__2QWKl"><div><p class="style_final_price__FERLK">₹33.2&nbsp;&nbsp;<span class="style_prod_qt__cXcqe">1 pc</span></p></div><div><span class="style_btn__0_x3D">Add</span></div></div></div></div></div><div class="style_card__v4i84    }"><div class="style_card_details__qi0G9"><span style="box-sizing: border-box; display: inline-block; overflow: hidden; width: initial; height: initial; background: none; opacity: 1; border: 0px; margin: 0px; padding: 0px; position: relative; max-width: 100%;"><span style="box-sizing: border-box; display: block; width: initial; height: initial; background: none; opacity: 1; border: 0px; margin: 0px; padding: 0px; max-width: 100%;"><img alt="" aria-hidden="true" src="data:image/svg+xml,%3csvg%20xmlns=%27http://www.w3.org/2000/svg%27%20version=%271.1%27%20width=%27200%27%20height=%27185%27/%3e" style="display: block; max-width: 100%; width: initial; height: initial; background: none; opacity: 1; border: 0px; margin: 0px; padding: 0px;"></span><img alt="Tomato - Hybrid (Tamatar) image" src="/_next/image?url=https%3A%2F%2Fimg.crofarm.com%2Fimages%2Fprodsmall%2F772_1711968867.7460735_pdp.webp&amp;w=640&amp;q=75" decoding="async" data-nimg="intrinsic" class="style_card_img__RJxGM" style="position: absolute; inset: 0px; box-sizing: border-box; padding: 0px; border: none; margin: auto; display: block; width: 0px; height: 0px; min-width: 100%; max-width: 100%; min-height: 100%; max-height: 100%;" srcset="/_next/image?url=https%3A%2F%2Fimg.crofarm.com%2Fimages%2Fprodsmall%2F772_1711968867.7460735_pdp.webp&amp;w=256&amp;q=75 1x, /_next/image?url=https%3A%2F%2Fimg.crofarm.com%2Fimages%2Fprodsmall%2F772_1711968867.7460735_pdp.webp&amp;w=640&amp;q=75 2x"></span><div class="style_card_info__xGm58"><h3 class="style_prod_name__QllSp">Tomato - Hybrid (Tamatar)</h3><h6 class="style_prod_price__4TltC"><span class="style_striked_price__4ghn5">₹120.4</span><span class="style_selling_price__GaIsF">&nbsp;₹112.4/kg</span> </h6><div class="style_cta__2QWKl"><div><p class="style_final_price__FERLK">₹56.2&nbsp;&nbsp;<span class="style_prod_qt__cXcqe">500 g</span></p></div><div><span class="style_btn__0_x3D">Add</span></div></div></div></div></div><div class="style_card__v4i84    }"><div class="style_card_details__qi0G9"><span style="box-sizing: border-box; display: inline-block; overflow: hidden; width: initial; height: initial; background: none; opacity: 1; border: 0px; margin: 0px; padding: 0px; position: relative; max-width: 100%;"><span style="box-sizing: border-box; display: block; width: initial; height: initial; background: none; opacity: 1; border: 0px; margin: 0px; padding: 0px; max-width: 100%;"><img alt="" aria-hidden="true" src="data:image/svg+xml,%3csvg%20xmlns=%27http://www.w3.org/2000/svg%27%20version=%271.1%27%20width=%27200%27%20height=%27185%27/%3e" style="display: block; max-width: 100%; width: initial; height: initial; background: none; opacity: 1; border: 0px; margin: 0px; padding: 0px;"></span><img alt="Curry Leaves (Kadi Patta) image" src="/_next/image?url=https%3A%2F%2Fimg.crofarm.com%2Fimages%2Fprodsmall%2F135_1711968832.9243088_pdp.webp&amp;w=640&amp;q=75" decoding="async" data-nimg="intrinsic" class="style_card_img__RJxGM" style="position: absolute; inset: 0px; box-sizing: border-box; padding: 0px; border: none; margin: auto; display: block; width: 0px; height: 0px; min-width: 100%; max-width: 100%; min-height: 100%; max-height: 100%;" srcset="/_next/image?url=https%3A%2F%2Fimg.crofarm.com%2Fimages%2Fprodsmall%2F135_1711968832.9243088_pdp.webp&amp;w=256&amp;q=75 1x, /_next/image?url=https%3A%2F%2Fimg.crofarm.com%2Fimages%2Fprodsmall%2F135_1711968832.9243088_pdp.webp&amp;w=640&amp;q=75 2x"></span><div class="style_card_info__xGm58"><h3 class="style_prod_name__QllSp">Curry Leaves (Kadi Patta)</h3><h6 class="style_prod_price__4TltC"><span class="style_striked_price__4ghn5">₹19.5</span><span class="style_selling_price__GaIsF">&nbsp;₹14.5/Pack</span> </h6><div class="style_cta__2QWKl"><div><p class="style_final_price__FERLK">₹14.5&nbsp;&nbsp;<span class="style_prod_qt__cXcqe">1 Pack</span></p></div><div><span class="style_btn__0_x3D">Add</span></div></div></div></div></div><div class="style_card__v4i84    }"><div class="style_card_details__qi0G9"><span style="box-sizing: border-box; display: inline-block; overflow: hidden; width: initial; height: initial; background: none; opacity: 1; border: 0px; margin: 0px; padding: 0px; position: relative; max-width: 100%;"><span style="box-sizing: border-box; display: block; width: initial; height: initial; background: none; opacity: 1; border: 0px; margin: 0px; padding: 0px; max-width: 100%;"><img alt="" aria-hidden="true" src="data:image/svg+xml,%3csvg%20xmlns=%27http://www.w3.org/2000/svg%27%20version=%271.1%27%20width=%27200%27%20height=%27185%27/%3e" style="display: block; max-width: 100%; width: initial; height: initial; background: none; opacity: 1; border: 0px; margin: 0px; padding: 0px;"></span><img alt="Kachalu image" src="/_next/image?url=https%3A%2F%2Fimg.crofarm.com%2Fimages%2Fprodsmall%2F2039_1711968844.533855_pdp.webp&amp;w=640&amp;q=75" decoding="async" data-nimg="intrinsic" class="style_card_img__RJxGM" style="position: absolute; inset: 0px; box-sizing: border-box; padding: 0px; border: none; margin: auto; display: block; width: 0px; height: 0px; min-width: 100%; max-width: 100%; min-height: 100%; max-height: 100%;" srcset="/_next/image?url=https%3A%2F%2Fimg.crofarm.com%2Fimages%2Fprodsmall%2F2039_1711968844.533855_pdp.webp&amp;w=256&amp;q=75 1x, /_next/image?url=https%3A%2F%2Fimg.crofarm.com%2Fimages%2Fprodsmall%2F2039_1711968844.533855_pdp.webp&amp;w=640&amp;q=75 2x"></span><div class="style_card_info__xGm58"><h3 class="style_prod_name__QllSp">Kachalu</h3><h6 class="style_prod_price__4TltC"><span class="style_striked_price__4ghn5">₹91</span><span class="style_selling_price__GaIsF">&nbsp;₹71/kg</span> </h6><div class="style_cta__2QWKl"><div><p class="style_final_price__FERLK">₹35.5&nbsp;&nbsp;<span class="style_prod_qt__cXcqe">500 g</span></p></div><div><span class="style_btn__0_x3D">Add</span></div></div></div></div></div><div class="style_card__v4i84    }"><div class="style_card_details__qi0G9"><span style="box-sizing: border-box; display: inline-block; overflow: hidden; width: initial; height: initial; background: none; opacity: 1; border: 0px; margin: 0px; padding: 0px; position: relative; max-width: 100%;"><span style="box-sizing: border-box; display: block; width: initial; height: initial; background: none; opacity: 1; border: 0px; margin: 0px; padding: 0px; max-width: 100%;"><img alt="" aria-hidden="true" src="data:image/svg+xml,%3csvg%20xmlns=%27http://www.w3.org/2000/svg%27%20version=%271.1%27%20width=%27200%27%20height=%27185%27/%3e" style="display: block; max-width: 100%; width: initial; height: initial; background: none; opacity: 1; border: 0px; margin: 0px; padding: 0px;"></span><img alt="Ridge Gourd (Tori) image" src="/_next/image?url=https%3A%2F%2Fimg.crofarm.com%2Fimages%2Fprodsmall%2F27025_1727684823.7343175_pdp.webp&amp;w=640&amp;q=75" decoding="async" data-nimg="intrinsic" class="style_card_img__RJxGM" style="position: absolute; inset: 0px; box-sizing: border-box; padding: 0px; border: none; margin: auto; display: block; width: 0px; height: 0px; min-width: 100%; max-width: 100%; min-height: 100%; max-height: 100%;" srcset="/_next/image?url=https%3A%2F%2Fimg.crofarm.com%2Fimages%2Fprodsmall%2F27025_1727684823.7343175_pdp.webp&amp;w=256&amp;q=75 1x, /_next/image?url=https%3A%2F%2Fimg.crofarm.com%2Fimages%2Fprodsmall%2F27025_1727684823.7343175_pdp.webp&amp;w=640&amp;q=75 2x"></span><div class="style_card_info__xGm58"><h3 class="style_prod_name__QllSp">Ridge Gourd (Tori)</h3><h6 class="style_prod_price__4TltC"><span class="style_striked_price__4ghn5">₹110.4</span><span class="style_selling_price__GaIsF">&nbsp;₹90.4/kg</span> </h6><div class="style_cta__2QWKl"><div><p class="style_final_price__FERLK">₹45.2&nbsp;&nbsp;<span class="style_prod_qt__cXcqe">500 g</span></p></div><div><span class="style_btn__0_x3D">Add</span></div></div></div></div></div><div class="style_card__v4i84    }"><div class="style_card_details__qi0G9"><span style="box-sizing: border-box; display: inline-block; overflow: hidden; width: initial; height: initial; background: none; opacity: 1; border: 0px; margin: 0px; padding: 0px; position: relative; max-width: 100%;"><span style="box-sizing: border-box; display: block; width: initial; height: initial; background: none; opacity: 1; border: 0px; margin: 0px; padding: 0px; max-width: 100%;"><img alt="" aria-hidden="true" src="data:image/svg+xml,%3csvg%20xmlns=%27http://www.w3.org/2000/svg%27%20version=%271.1%27%20width=%27200%27%20height=%27185%27/%3e" style="display: block; max-width: 100%; width: initial; height: initial; background: none; opacity: 1; border: 0px; margin: 0px; padding: 0px;"></span><img alt="Ridge Gourd (Tori) - 100% Safe image" src="/_next/image?url=https%3A%2F%2Fimg.crofarm.com%2Fimages%2Fprodsmall%2Ff5b57c65f29a.jpg&amp;w=640&amp;q=75" decoding="async" data-nimg="intrinsic" class="style_card_img__RJxGM" style="position: absolute; inset: 0px; box-sizing: border-box; padding: 0px; border: none; margin: auto; display: block; width: 0px; height: 0px; min-width: 100%; max-width: 100%; min-height: 100%; max-height: 100%;" srcset="/_next/image?url=https%3A%2F%2Fimg.crofarm.com%2Fimages%2Fprodsmall%2Ff5b57c65f29a.jpg&amp;w=256&amp;q=75 1x, /_next/image?url=https%3A%2F%2Fimg.crofarm.com%2Fimages%2Fprodsmall%2Ff5b57c65f29a.jpg&amp;w=640&amp;q=75 2x"></span><div class="style_card_info__xGm58"><h3 class="style_prod_name__QllSp">Ridge Gourd (Tori) - 100% Safe</h3><h6 class="style_prod_price__4TltC"><span class="style_striked_price__4ghn5">₹118.4</span><span class="style_selling_price__GaIsF">&nbsp;₹98.4/kg</span> </h6><div class="style_cta__2QWKl"><div><p class="style_final_price__FERLK">₹49.2&nbsp;&nbsp;<span class="style_prod_qt__cXcqe">500 g</span></p></div><div><span class="style_btn__0_x3D">Add</span></div></div></div></div></div><div class="style_card__v4i84    }"><div class="style_card_details__qi0G9"><span style="box-sizing: border-box; display: inline-block; overflow: hidden; width: initial; height: initial; background: none; opacity: 1; border: 0px; margin: 0px; padding: 0px; position: relative; max-width: 100%;"><span style="box-sizing: border-box; display: block; width: initial; height: initial; background: none; opacity: 1; border: 0px; margin: 0px; padding: 0px; max-width: 100%;"><img alt="" aria-hidden="true" src="data:image/svg+xml,%3csvg%20xmlns=%27http://www.w3.org/2000/svg%27%20version=%271.1%27%20width=%27200%27%20height=%27185%27/%3e" style="display: block; max-width: 100%; width: initial; height: initial; background: none; opacity: 1; border: 0px; margin: 0px; padding: 0px;"></span><img alt="Arbi (Colocasia) image" src="/_next/image?url=https%3A%2F%2Fimg.crofarm.com%2Fimages%2Fprodsmall%2Ff78a527307ed.jpg&amp;w=640&amp;q=75" decoding="async" data-nimg="intrinsic" class="style_card_img__RJxGM" style="position: absolute; inset: 0px; box-sizing: border-box; padding: 0px; border: none; margin: auto; display: block; width: 0px; height: 0px; min-width: 100%; max-width: 100%; min-height: 100%; max-height: 100%;" srcset="/_next/image?url=https%3A%2F%2Fimg.crofarm.com%2Fimages%2Fprodsmall%2Ff78a527307ed.jpg&amp;w=256&amp;q=75 1x, /_next/image?url=https%3A%2F%2Fimg.crofarm.com%2Fimages%2Fprodsmall%2Ff78a527307ed.jpg&amp;w=640&amp;q=75 2x"></span><div class="style_card_info__xGm58"><h3 class="style_prod_name__QllSp">Arbi (Colocasia)</h3><h6 class="style_prod_price__4TltC"><span class="style_striked_price__4ghn5">₹120.4</span><span class="style_selling_price__GaIsF">&nbsp;₹100.4/kg</span> </h6><div class="style_cta__2QWKl"><div><p class="style_final_price__FERLK">₹50.2&nbsp;&nbsp;<span class="style_prod_qt__cXcqe">500g</span></p></div><div><span class="style_btn__0_x3D">Add</span></div></div></div></div></div><div class="style_card__v4i84    }"><div class="style_card_details__qi0G9"><span style="box-sizing: border-box; display: inline-block; overflow: hidden; width: initial; height: initial; background: none; opacity: 1; border: 0px; margin: 0px; padding: 0px; position: relative; max-width: 100%;"><span style="box-sizing: border-box; display: block; width: initial; height: initial; background: none; opacity: 1; border: 0px; margin: 0px; padding: 0px; max-width: 100%;"><img alt="" aria-hidden="true" src="data:image/svg+xml,%3csvg%20xmlns=%27http://www.w3.org/2000/svg%27%20version=%271.1%27%20width=%27200%27%20height=%27185%27/%3e" style="display: block; max-width: 100%; width: initial; height: initial; background: none; opacity: 1; border: 0px; margin: 0px; padding: 0px;"></span><img alt="Arbi (Colocasia) - 100% Safe image" src="/_next/image?url=https%3A%2F%2Fimg.crofarm.com%2Fimages%2Fprodsmall%2F5612_1711968830.4963286_pdp.webp&amp;w=640&amp;q=75" decoding="async" data-nimg="intrinsic" class="style_card_img__RJxGM" style="position: absolute; inset: 0px; box-sizing: border-box; padding: 0px; border: none; margin: auto; display: block; width: 0px; height: 0px; min-width: 100%; max-width: 100%; min-height: 100%; max-height: 100%;" srcset="/_next/image?url=https%3A%2F%2Fimg.crofarm.com%2Fimages%2Fprodsmall%2F5612_1711968830.4963286_pdp.webp&amp;w=256&amp;q=75 1x, /_next/image?url=https%3A%2F%2Fimg.crofarm.com%2Fimages%2Fprodsmall%2F5612_1711968830.4963286_pdp.webp&amp;w=640&amp;q=75 2x"></span><div class="style_card_info__xGm58"><h3 class="style_prod_name__QllSp">Arbi (Colocasia) - 100% Safe</h3><h6 class="style_prod_price__4TltC"><span class="style_striked_price__4ghn5">₹128.4</span><span class="style_selling_price__GaIsF">&nbsp;₹108.4/kg</span> </h6><div class="style_cta__2QWKl"><div><p class="style_final_price__FERLK">₹54.2&nbsp;&nbsp;<span class="style_prod_qt__cXcqe">500 g</span></p></div><div><span class="style_btn__0_x3D">Add</span></div></div></div></div></div><div class="style_card__v4i84    }"><div class="style_card_details__qi0G9"><span style="box-sizing: border-box; display: inline-block; overflow: hidden; width: initial; height: initial; background: none; opacity: 1; border: 0px; margin: 0px; padding: 0px; position: relative; max-width: 100%;"><span style="box-sizing: border-box; display: block; width: initial; height: initial; background: none; opacity: 1; border: 0px; margin: 0px; padding: 0px; max-width: 100%;"><img alt="" aria-hidden="true" src="data:image/svg+xml,%3csvg%20xmlns=%27http://www.w3.org/2000/svg%27%20version=%271.1%27%20width=%27200%27%20height=%27185%27/%3e" style="display: block; max-width: 100%; width: initial; height: initial; background: none; opacity: 1; border: 0px; margin: 0px; padding: 0px;"></span><img alt="Onion (A+) image" src="/_next/image?url=https%3A%2F%2Fimg.crofarm.com%2Fimages%2Fprodsmall%2F9826_1711968752.1868954_pdp.webp&amp;w=640&amp;q=75" decoding="async" data-nimg="intrinsic" class="style_card_img__RJxGM" style="position: absolute; inset: 0px; box-sizing: border-box; padding: 0px; border: none; margin: auto; display: block; width: 0px; height: 0px; min-width: 100%; max-width: 100%; min-height: 100%; max-height: 100%;" srcset="/_next/image?url=https%3A%2F%2Fimg.crofarm.com%2Fimages%2Fprodsmall%2F9826_1711968752.1868954_pdp.webp&amp;w=256&amp;q=75 1x, /_next/image?url=https%3A%2F%2Fimg.crofarm.com%2Fimages%2Fprodsmall%2F9826_1711968752.1868954_pdp.webp&amp;w=640&amp;q=75 2x"></span><div class="style_card_info__xGm58"><h3 class="style_prod_name__QllSp">Onion (A+)</h3><h6 class="style_prod_price__4TltC"><span class="style_striked_price__4ghn5">₹89.5</span><span class="style_selling_price__GaIsF">&nbsp;₹79.5/Pack</span> </h6><div class="style_cta__2QWKl"><div><p class="style_final_price__FERLK">₹79.5&nbsp;&nbsp;<span class="style_prod_qt__cXcqe">1 kg</span></p></div><div><span class="style_btn__0_x3D">Add</span></div></div></div></div></div><div class="style_card__v4i84    }"><div class="style_card_details__qi0G9"><span style="box-sizing: border-box; display: inline-block; overflow: hidden; width: initial; height: initial; background: none; opacity: 1; border: 0px; margin: 0px; padding: 0px; position: relative; max-width: 100%;"><span style="box-sizing: border-box; display: block; width: initial; height: initial; background: none; opacity: 1; border: 0px; margin: 0px; padding: 0px; max-width: 100%;"><img alt="" aria-hidden="true" src="data:image/svg+xml,%3csvg%20xmlns=%27http://www.w3.org/2000/svg%27%20version=%271.1%27%20width=%27200%27%20height=%27185%27/%3e" style="display: block; max-width: 100%; width: initial; height: initial; background: none; opacity: 1; border: 0px; margin: 0px; padding: 0px;"></span><img alt="Ratalu image" src="/_next/image?url=https%3A%2F%2Fimg.crofarm.com%2Fimages%2Fprodsmall%2Ff1b44f2ab3eb.jpg&amp;w=640&amp;q=75" decoding="async" data-nimg="intrinsic" class="style_card_img__RJxGM" style="position: absolute; inset: 0px; box-sizing: border-box; padding: 0px; border: none; margin: auto; display: block; width: 0px; height: 0px; min-width: 100%; max-width: 100%; min-height: 100%; max-height: 100%;" srcset="/_next/image?url=https%3A%2F%2Fimg.crofarm.com%2Fimages%2Fprodsmall%2Ff1b44f2ab3eb.jpg&amp;w=256&amp;q=75 1x, /_next/image?url=https%3A%2F%2Fimg.crofarm.com%2Fimages%2Fprodsmall%2Ff1b44f2ab3eb.jpg&amp;w=640&amp;q=75 2x"></span><div class="style_card_info__xGm58"><h3 class="style_prod_name__QllSp">Ratalu</h3><h6 class="style_prod_price__4TltC"><span class="style_striked_price__4ghn5">₹88.3</span><span class="style_selling_price__GaIsF">&nbsp;₹77.2/kg</span> </h6><div class="style_cta__2QWKl"><div><p class="style_final_price__FERLK">₹69.5&nbsp;&nbsp;<span class="style_prod_qt__cXcqe">900 g</span></p></div><div><span class="style_btn__0_x3D">Add</span></div></div></div></div></div><div class="style_card__v4i84    }"><div class="style_card_details__qi0G9"><span style="box-sizing: border-box; display: inline-block; overflow: hidden; width: initial; height: initial; background: none; opacity: 1; border: 0px; margin: 0px; padding: 0px; position: relative; max-width: 100%;"><span style="box-sizing: border-box; display: block; width: initial; height: initial; background: none; opacity: 1; border: 0px; margin: 0px; padding: 0px; max-width: 100%;"><img alt="" aria-hidden="true" src="data:image/svg+xml,%3csvg%20xmlns=%27http://www.w3.org/2000/svg%27%20version=%271.1%27%20width=%27200%27%20height=%27185%27/%3e" style="display: block; max-width: 100%; width: initial; height: initial; background: none; opacity: 1; border: 0px; margin: 0px; padding: 0px;"></span><img alt="Organic Potato (Aloo) image" src="/_next/image?url=https%3A%2F%2Fimg.crofarm.com%2Fimages%2Fprodsmall%2F1540_1715236985.4529204_pdp.webp&amp;w=640&amp;q=75" decoding="async" data-nimg="intrinsic" class="style_card_img__RJxGM" style="position: absolute; inset: 0px; box-sizing: border-box; padding: 0px; border: none; margin: auto; display: block; width: 0px; height: 0px; min-width: 100%; max-width: 100%; min-height: 100%; max-height: 100%;" srcset="/_next/image?url=https%3A%2F%2Fimg.crofarm.com%2Fimages%2Fprodsmall%2F1540_1715236985.4529204_pdp.webp&amp;w=256&amp;q=75 1x, /_next/image?url=https%3A%2F%2Fimg.crofarm.com%2Fimages%2Fprodsmall%2F1540_1715236985.4529204_pdp.webp&amp;w=640&amp;q=75 2x"></span><div class="style_card_info__xGm58"><h3 class="style_prod_name__QllSp">Organic Potato (Aloo)</h3><h6 class="style_prod_price__4TltC"><span class="style_striked_price__4ghn5">₹87</span><span class="style_selling_price__GaIsF">&nbsp;₹67/kg</span> </h6><div class="style_cta__2QWKl"><div><p class="style_final_price__FERLK">₹33.5&nbsp;&nbsp;<span class="style_prod_qt__cXcqe">500 g</span></p></div><div><span class="style_btn__0_x3D">Add</span></div></div></div></div></div><div class="style_card__v4i84    }"><div class="style_card_details__qi0G9"><span style="box-sizing: border-box; display: inline-block; overflow: hidden; width: initial; height: initial; background: none; opacity: 1; border: 0px; margin: 0px; padding: 0px; position: relative; max-width: 100%;"><span style="box-sizing: border-box; display: block; width: initial; height: initial; background: none; opacity: 1; border: 0px; margin: 0px; padding: 0px; max-width: 100%;"><img alt="" aria-hidden="true" src="data:image/svg+xml,%3csvg%20xmlns=%27http://www.w3.org/2000/svg%27%20version=%271.1%27%20width=%27200%27%20height=%27185%27/%3e" style="display: block; max-width: 100%; width: initial; height: initial; background: none; opacity: 1; border: 0px; margin: 0px; padding: 0px;"></span><img alt="Beans - French (Phali) image" src="/_next/image?url=https%3A%2F%2Fimg.crofarm.com%2Fimages%2Fprodsmall%2Ff811870b3396.jpg&amp;w=640&amp;q=75" decoding="async" data-nimg="intrinsic" class="style_card_img__RJxGM" style="position: absolute; inset: 0px; box-sizing: border-box; padding: 0px; border: none; margin: auto; display: block; width: 0px; height: 0px; min-width: 100%; max-width: 100%; min-height: 100%; max-height: 100%;" srcset="/_next/image?url=https%3A%2F%2Fimg.crofarm.com%2Fimages%2Fprodsmall%2Ff811870b3396.jpg&amp;w=256&amp;q=75 1x, /_next/image?url=https%3A%2F%2Fimg.crofarm.com%2Fimages%2Fprodsmall%2Ff811870b3396.jpg&amp;w=640&amp;q=75 2x"></span><div class="style_card_info__xGm58"><h3 class="style_prod_name__QllSp">Beans - French (Phali)</h3><h6 class="style_prod_price__4TltC"><span class="style_striked_price__4ghn5">₹167.1</span><span class="style_selling_price__GaIsF">&nbsp;₹138.6/kg</span> </h6><div class="style_cta__2QWKl"><div><p class="style_final_price__FERLK">₹48.5&nbsp;&nbsp;<span class="style_prod_qt__cXcqe">350 g</span></p></div><div><span class="style_btn__0_x3D">Add</span></div></div></div></div></div><div class="style_card__v4i84    }"><div class="style_card_details__qi0G9"><span style="box-sizing: border-box; display: inline-block; overflow: hidden; width: initial; height: initial; background: none; opacity: 1; border: 0px; margin: 0px; padding: 0px; position: relative; max-width: 100%;"><span style="box-sizing: border-box; display: block; width: initial; height: initial; background: none; opacity: 1; border: 0px; margin: 0px; padding: 0px; max-width: 100%;"><img alt="" aria-hidden="true" src="data:image/svg+xml,%3csvg%20xmlns=%27http://www.w3.org/2000/svg%27%20version=%271.1%27%20width=%27200%27%20height=%27185%27/%3e" style="display: block; max-width: 100%; width: initial; height: initial; background: none; opacity: 1; border: 0px; margin: 0px; padding: 0px;"></span><img alt="Beans - French (Phali) - 100% Safe image" src="/_next/image?url=https%3A%2F%2Fimg.crofarm.com%2Fimages%2Fprodsmall%2F798_1711968810.623504_pdp.webp&amp;w=640&amp;q=75" decoding="async" data-nimg="intrinsic" class="style_card_img__RJxGM" style="position: absolute; inset: 0px; box-sizing: border-box; padding: 0px; border: none; margin: auto; display: block; width: 0px; height: 0px; min-width: 100%; max-width: 100%; min-height: 100%; max-height: 100%;" srcset="/_next/image?url=https%3A%2F%2Fimg.crofarm.com%2Fimages%2Fprodsmall%2F798_1711968810.623504_pdp.webp&amp;w=256&amp;q=75 1x, /_next/image?url=https%3A%2F%2Fimg.crofarm.com%2Fimages%2Fprodsmall%2F798_1711968810.623504_pdp.webp&amp;w=640&amp;q=75 2x"></span><div class="style_card_info__xGm58"><h3 class="style_prod_name__QllSp">Beans - French (Phali) - 100% Safe</h3><h6 class="style_prod_price__4TltC"><span class="style_striked_price__4ghn5">₹178.6</span><span class="style_selling_price__GaIsF">&nbsp;₹150/kg</span> </h6><div class="style_cta__2QWKl"><div><p class="style_final_price__FERLK">₹52.5&nbsp;&nbsp;<span class="style_prod_qt__cXcqe">350 g</span></p></div><div><span class="style_btn__0_x3D">Add</span></div></div></div></div></div><div class="style_card__v4i84    }"><div class="style_card_details__qi0G9"><span style="box-sizing: border-box; display: inline-block; overflow: hidden; width: initial; height: initial; background: none; opacity: 1; border: 0px; margin: 0px; padding: 0px; position: relative; max-width: 100%;"><span style="box-sizing: border-box; display: block; width: initial; height: initial; background: none; opacity: 1; border: 0px; margin: 0px; padding: 0px; max-width: 100%;"><img alt="" aria-hidden="true" src="data:image/svg+xml,%3csvg%20xmlns=%27http://www.w3.org/2000/svg%27%20version=%271.1%27%20width=%27200%27%20height=%27185%27/%3e" style="display: block; max-width: 100%; width: initial; height: initial; background: none; opacity: 1; border: 0px; margin: 0px; padding: 0px;"></span><img alt="Lemon A+ (Nimbu) image" src="/_next/image?url=https%3A%2F%2Fimg.crofarm.com%2Fimages%2Fprodsmall%2Ffb0fcd987a54.jpg&amp;w=640&amp;q=75" decoding="async" data-nimg="intrinsic" class="style_card_img__RJxGM" style="position: absolute; inset: 0px; box-sizing: border-box; padding: 0px; border: none; margin: auto; display: block; width: 0px; height: 0px; min-width: 100%; max-width: 100%; min-height: 100%; max-height: 100%;" srcset="/_next/image?url=https%3A%2F%2Fimg.crofarm.com%2Fimages%2Fprodsmall%2Ffb0fcd987a54.jpg&amp;w=256&amp;q=75 1x, /_next/image?url=https%3A%2F%2Fimg.crofarm.com%2Fimages%2Fprodsmall%2Ffb0fcd987a54.jpg&amp;w=640&amp;q=75 2x"></span><div class="style_card_info__xGm58"><h3 class="style_prod_name__QllSp">Lemon A+ (Nimbu)</h3><h6 class="style_prod_price__4TltC"><span class="style_striked_price__4ghn5">₹290</span><span class="style_selling_price__GaIsF">&nbsp;₹250/kg</span> </h6><div class="style_cta__2QWKl"><div><p class="style_final_price__FERLK">₹62.5&nbsp;&nbsp;<span class="style_prod_qt__cXcqe">250 g</span></p></div><div><span class="style_btn__0_x3D">Add</span></div></div></div></div></div><div class="style_card__v4i84    }"><div class="style_card_details__qi0G9"><span style="box-sizing: border-box; display: inline-block; overflow: hidden; width: initial; height: initial; background: none; opacity: 1; border: 0px; margin: 0px; padding: 0px; position: relative; max-width: 100%;"><span style="box-sizing: border-box; display: block; width: initial; height: initial; background: none; opacity: 1; border: 0px; margin: 0px; padding: 0px; max-width: 100%;"><img alt="" aria-hidden="true" src="data:image/svg+xml,%3csvg%20xmlns=%27http://www.w3.org/2000/svg%27%20version=%271.1%27%20width=%27200%27%20height=%27185%27/%3e" style="display: block; max-width: 100%; width: initial; height: initial; background: none; opacity: 1; border: 0px; margin: 0px; padding: 0px;"></span><img alt="Baby Carrot - Orange (Gajar) image" src="/_next/image?url=https%3A%2F%2Fimg.crofarm.com%2Fimages%2Fprodsmall%2F27034_1727684824.8141496_pdp.webp&amp;w=640&amp;q=75" decoding="async" data-nimg="intrinsic" class="style_card_img__RJxGM" style="position: absolute; inset: 0px; box-sizing: border-box; padding: 0px; border: none; margin: auto; display: block; width: 0px; height: 0px; min-width: 100%; max-width: 100%; min-height: 100%; max-height: 100%;" srcset="/_next/image?url=https%3A%2F%2Fimg.crofarm.com%2Fimages%2Fprodsmall%2F27034_1727684824.8141496_pdp.webp&amp;w=256&amp;q=75 1x, /_next/image?url=https%3A%2F%2Fimg.crofarm.com%2Fimages%2Fprodsmall%2F27034_1727684824.8141496_pdp.webp&amp;w=640&amp;q=75 2x"></span><div class="style_card_info__xGm58"><h3 class="style_prod_name__QllSp">Baby Carrot - Orange (Gajar)</h3><h6 class="style_prod_price__4TltC"><span class="style_striked_price__4ghn5">₹29.9</span><span class="style_selling_price__GaIsF">&nbsp;₹24.9/Pack</span> </h6><div class="style_cta__2QWKl"><div><p class="style_final_price__FERLK">₹24.9&nbsp;&nbsp;<span class="style_prod_qt__cXcqe">250 g</span></p></div><div><span class="style_btn__0_x3D">Add</span></div></div></div></div></div><div class="style_card__v4i84    }"><div class="style_card_details__qi0G9"><span style="box-sizing: border-box; display: inline-block; overflow: hidden; width: initial; height: initial; background: none; opacity: 1; border: 0px; margin: 0px; padding: 0px; position: relative; max-width: 100%;"><span style="box-sizing: border-box; display: block; width: initial; height: initial; background: none; opacity: 1; border: 0px; margin: 0px; padding: 0px; max-width: 100%;"><img alt="" aria-hidden="true" src="data:image/svg+xml,%3csvg%20xmlns=%27http://www.w3.org/2000/svg%27%20version=%271.1%27%20width=%27200%27%20height=%27185%27/%3e" style="display: block; max-width: 100%; width: initial; height: initial; background: none; opacity: 1; border: 0px; margin: 0px; padding: 0px;"></span><img alt="Capsicum - Green A+ (Shimla Mirch) image" src="/_next/image?url=https%3A%2F%2Fimg.crofarm.com%2Fimages%2Fprodsmall%2Ffb0fcdc2ccd9.jpg&amp;w=640&amp;q=75" decoding="async" data-nimg="intrinsic" class="style_card_img__RJxGM" style="position: absolute; inset: 0px; box-sizing: border-box; padding: 0px; border: none; margin: auto; display: block; width: 0px; height: 0px; min-width: 100%; max-width: 100%; min-height: 100%; max-height: 100%;" srcset="/_next/image?url=https%3A%2F%2Fimg.crofarm.com%2Fimages%2Fprodsmall%2Ffb0fcdc2ccd9.jpg&amp;w=256&amp;q=75 1x, /_next/image?url=https%3A%2F%2Fimg.crofarm.com%2Fimages%2Fprodsmall%2Ffb0fcdc2ccd9.jpg&amp;w=640&amp;q=75 2x"></span><div class="style_card_info__xGm58"><h3 class="style_prod_name__QllSp">Capsicum - Green A+ (Shimla Mirch)</h3><h6 class="style_prod_price__4TltC"><span class="style_striked_price__4ghn5">₹190.4</span><span class="style_selling_price__GaIsF">&nbsp;₹170.4/kg</span> </h6><div class="style_cta__2QWKl"><div><p class="style_final_price__FERLK">₹85.2&nbsp;&nbsp;<span class="style_prod_qt__cXcqe">500 g</span></p></div><div><span class="style_btn__0_x3D">Add</span></div></div></div></div></div><div class="style_card__v4i84    }"><div class="style_card_details__qi0G9"><span style="box-sizing: border-box; display: inline-block; overflow: hidden; width: initial; height: initial; background: none; opacity: 1; border: 0px; margin: 0px; padding: 0px; position: relative; max-width: 100%;"><span style="box-sizing: border-box; display: block; width: initial; height: initial; background: none; opacity: 1; border: 0px; margin: 0px; padding: 0px; max-width: 100%;"><img alt="" aria-hidden="true" src="data:image/svg+xml,%3csvg%20xmlns=%27http://www.w3.org/2000/svg%27%20version=%271.1%27%20width=%27200%27%20height=%27185%27/%3e" style="display: block; max-width: 100%; width: initial; height: initial; background: none; opacity: 1; border: 0px; margin: 0px; padding: 0px;"></span><img alt="Organic Beans - French (Phali) image" src="/_next/image?url=https%3A%2F%2Fimg.crofarm.com%2Fimages%2Fprodsmall%2F1124_1711968816.726885_pdp.webp&amp;w=640&amp;q=75" decoding="async" data-nimg="intrinsic" class="style_card_img__RJxGM" style="position: absolute; inset: 0px; box-sizing: border-box; padding: 0px; border: none; margin: auto; display: block; width: 0px; height: 0px; min-width: 100%; max-width: 100%; min-height: 100%; max-height: 100%;" srcset="/_next/image?url=https%3A%2F%2Fimg.crofarm.com%2Fimages%2Fprodsmall%2F1124_1711968816.726885_pdp.webp&amp;w=256&amp;q=75 1x, /_next/image?url=https%3A%2F%2Fimg.crofarm.com%2Fimages%2Fprodsmall%2F1124_1711968816.726885_pdp.webp&amp;w=640&amp;q=75 2x"></span><div class="style_card_info__xGm58"><h3 class="style_prod_name__QllSp">Organic Beans - French (Phali)</h3><h6 class="style_prod_price__4TltC"><span class="style_striked_price__4ghn5">₹245</span><span class="style_selling_price__GaIsF">&nbsp;₹211.7/kg</span> </h6><div class="style_cta__2QWKl"><div><p class="style_final_price__FERLK">₹63.5&nbsp;&nbsp;<span class="style_prod_qt__cXcqe">300 g</span></p></div><div><span class="style_btn__0_x3D">Add</span></div></div></div></div></div><div class="style_card__v4i84    }"><div class="style_card_details__qi0G9"><span style="box-sizing: border-box; display: inline-block; overflow: hidden; width: initial; height: initial; background: none; opacity: 1; border: 0px; margin: 0px; padding: 0px; position: relative; max-width: 100%;"><span style="box-sizing: border-box; display: block; width: initial; height: initial; background: none; opacity: 1; border: 0px; margin: 0px; padding: 0px; max-width: 100%;"><img alt="" aria-hidden="true" src="data:image/svg+xml,%3csvg%20xmlns=%27http://www.w3.org/2000/svg%27%20version=%271.1%27%20width=%27200%27%20height=%27185%27/%3e" style="display: block; max-width: 100%; width: initial; height: initial; background: none; opacity: 1; border: 0px; margin: 0px; padding: 0px;"></span><img alt="Gooseberry (Amla) image" src="/_next/image?url=https%3A%2F%2Fimg.crofarm.com%2Fimages%2Fprodsmall%2F923_1711968823.6393363_pdp.webp&amp;w=640&amp;q=75" decoding="async" data-nimg="intrinsic" class="style_card_img__RJxGM" style="position: absolute; inset: 0px; box-sizing: border-box; padding: 0px; border: none; margin: auto; display: block; width: 0px; height: 0px; min-width: 100%; max-width: 100%; min-height: 100%; max-height: 100%;" srcset="/_next/image?url=https%3A%2F%2Fimg.crofarm.com%2Fimages%2Fprodsmall%2F923_1711968823.6393363_pdp.webp&amp;w=256&amp;q=75 1x, /_next/image?url=https%3A%2F%2Fimg.crofarm.com%2Fimages%2Fprodsmall%2F923_1711968823.6393363_pdp.webp&amp;w=640&amp;q=75 2x"></span><div class="style_card_info__xGm58"><h3 class="style_prod_name__QllSp">Gooseberry (Amla)</h3><h6 class="style_prod_price__4TltC"><span class="style_striked_price__4ghn5">₹190</span><span class="style_selling_price__GaIsF">&nbsp;₹150/kg</span> </h6><div class="style_cta__2QWKl"><div><p class="style_final_price__FERLK">₹37.5&nbsp;&nbsp;<span class="style_prod_qt__cXcqe">250 g</span></p></div><div><span class="style_btn__0_x3D">Add</span></div></div></div></div></div><div class="style_card__v4i84    }"><div class="style_card_details__qi0G9"><span style="box-sizing: border-box; display: inline-block; overflow: hidden; width: initial; height: initial; background: none; opacity: 1; border: 0px; margin: 0px; padding: 0px; position: relative; max-width: 100%;"><span style="box-sizing: border-box; display: block; width: initial; height: initial; background: none; opacity: 1; border: 0px; margin: 0px; padding: 0px; max-width: 100%;"><img alt="" aria-hidden="true" src="data:image/svg+xml,%3csvg%20xmlns=%27http://www.w3.org/2000/svg%27%20version=%271.1%27%20width=%27200%27%20height=%27185%27/%3e" style="display: block; max-width: 100%; width: initial; height: initial; background: none; opacity: 1; border: 0px; margin: 0px; padding: 0px;"></span><img alt="Brinjal - Round (Baingan) image" src="/_next/image?url=https%3A%2F%2Fimg.crofarm.com%2Fimages%2Fprodsmall%2F27026_1727684823.041284_pdp.webp&amp;w=640&amp;q=75" decoding="async" data-nimg="intrinsic" class="style_card_img__RJxGM" style="position: absolute; inset: 0px; box-sizing: border-box; padding: 0px; border: none; margin: auto; display: block; width: 0px; height: 0px; min-width: 100%; max-width: 100%; min-height: 100%; max-height: 100%;" srcset="/_next/image?url=https%3A%2F%2Fimg.crofarm.com%2Fimages%2Fprodsmall%2F27026_1727684823.041284_pdp.webp&amp;w=256&amp;q=75 1x, /_next/image?url=https%3A%2F%2Fimg.crofarm.com%2Fimages%2Fprodsmall%2F27026_1727684823.041284_pdp.webp&amp;w=640&amp;q=75 2x"></span><div class="style_card_info__xGm58"><h3 class="style_prod_name__QllSp">Brinjal - Round (Baingan)</h3><h6 class="style_prod_price__4TltC"><span class="style_striked_price__4ghn5">₹77</span><span class="style_selling_price__GaIsF">&nbsp;₹60.3/kg</span> </h6><div class="style_cta__2QWKl"><div><p class="style_final_price__FERLK">₹36.2&nbsp;&nbsp;<span class="style_prod_qt__cXcqe">600 g</span></p></div><div><span class="style_btn__0_x3D">Add</span></div></div></div></div></div><div class="style_card__v4i84    }"><div class="style_card_details__qi0G9"><span style="box-sizing: border-box; display: inline-block; overflow: hidden; width: initial; height: initial; background: none; opacity: 1; border: 0px; margin: 0px; padding: 0px; position: relative; max-width: 100%;"><span style="box-sizing: border-box; display: block; width: initial; height: initial; background: none; opacity: 1; border: 0px; margin: 0px; padding: 0px; max-width: 100%;"><img alt="" aria-hidden="true" src="data:image/svg+xml,%3csvg%20xmlns=%27http://www.w3.org/2000/svg%27%20version=%271.1%27%20width=%27200%27%20height=%27185%27/%3e" style="display: block; max-width: 100%; width: initial; height: initial; background: none; opacity: 1; border: 0px; margin: 0px; padding: 0px;"></span><img alt="Sweet Corn Cob (Bhutta) image" src="/_next/image?url=https%3A%2F%2Fimg.crofarm.com%2Fimages%2Fprodsmall%2F109_1711968850.9217682_pdp.webp&amp;w=640&amp;q=75" decoding="async" data-nimg="intrinsic" class="style_card_img__RJxGM" style="position: absolute; inset: 0px; box-sizing: border-box; padding: 0px; border: none; margin: auto; display: block; width: 0px; height: 0px; min-width: 100%; max-width: 100%; min-height: 100%; max-height: 100%;" srcset="/_next/image?url=https%3A%2F%2Fimg.crofarm.com%2Fimages%2Fprodsmall%2F109_1711968850.9217682_pdp.webp&amp;w=256&amp;q=75 1x, /_next/image?url=https%3A%2F%2Fimg.crofarm.com%2Fimages%2Fprodsmall%2F109_1711968850.9217682_pdp.webp&amp;w=640&amp;q=75 2x"></span><div class="style_card_info__xGm58"><h3 class="style_prod_name__QllSp">Sweet Corn Cob (Bhutta)</h3><h6 class="style_prod_price__4TltC"><span class="style_striked_price__4ghn5">₹59.5</span><span class="style_selling_price__GaIsF">&nbsp;₹49.5/Pack</span> </h6><div class="style_cta__2QWKl"><div><p class="style_final_price__FERLK">₹49.5&nbsp;&nbsp;<span class="style_prod_qt__cXcqe">2 pcs</span></p></div><div><span class="style_btn__0_x3D">Add</span></div></div></div></div></div><div class="style_card__v4i84    }"><div class="style_card_details__qi0G9"><span style="box-sizing: border-box; display: inline-block; overflow: hidden; width: initial; height: initial; background: none; opacity: 1; border: 0px; margin: 0px; padding: 0px; position: relative; max-width: 100%;"><span style="box-sizing: border-box; display: block; width: initial; height: initial; background: none; opacity: 1; border: 0px; margin: 0px; padding: 0px; max-width: 100%;"><img alt="" aria-hidden="true" src="data:image/svg+xml,%3csvg%20xmlns=%27http://www.w3.org/2000/svg%27%20version=%271.1%27%20width=%27200%27%20height=%27185%27/%3e" style="display: block; max-width: 100%; width: initial; height: initial; background: none; opacity: 1; border: 0px; margin: 0px; padding: 0px;"></span><img alt="Caesar Salad image" src="/_next/image?url=https%3A%2F%2Fimg.crofarm.com%2Fimages%2Fprodsmall%2F10217_1711968773.7858772_pdp.webp&amp;w=640&amp;q=75" decoding="async" data-nimg="intrinsic" class="style_card_img__RJxGM" style="position: absolute; inset: 0px; box-sizing: border-box; padding: 0px; border: none; margin: auto; display: block; width: 0px; height: 0px; min-width: 100%; max-width: 100%; min-height: 100%; max-height: 100%;" srcset="/_next/image?url=https%3A%2F%2Fimg.crofarm.com%2Fimages%2Fprodsmall%2F10217_1711968773.7858772_pdp.webp&amp;w=256&amp;q=75 1x, /_next/image?url=https%3A%2F%2Fimg.crofarm.com%2Fimages%2Fprodsmall%2F10217_1711968773.7858772_pdp.webp&amp;w=640&amp;q=75 2x"></span><div class="style_card_info__xGm58"><h3 class="style_prod_name__QllSp">Caesar Salad</h3><h6 class="style_prod_price__4TltC"><span class="style_striked_price__4ghn5">₹141.5</span><span class="style_selling_price__GaIsF">&nbsp;₹126.5/Pack</span> </h6><div class="style_cta__2QWKl"><div><p class="style_final_price__FERLK">₹126.5&nbsp;&nbsp;<span class="style_prod_qt__cXcqe">180 g</span></p></div><div><span class="style_btn__0_x3D">Add</span></div></div></div></div></div><div class="style_card__v4i84    }"><div class="style_card_details__qi0G9"><span style="box-sizing: border-box; display: inline-block; overflow: hidden; width: initial; height: initial; background: none; opacity: 1; border: 0px; margin: 0px; padding: 0px; position: relative; max-width: 100%;"><span style="box-sizing: border-box; display: block; width: initial; height: initial; background: none; opacity: 1; border: 0px; margin: 0px; padding: 0px; max-width: 100%;"><img alt="" aria-hidden="true" src="data:image/svg+xml,%3csvg%20xmlns=%27http://www.w3.org/2000/svg%27%20version=%271.1%27%20width=%27200%27%20height=%27185%27/%3e" style="display: block; max-width: 100%; width: initial; height: initial; background: none; opacity: 1; border: 0px; margin: 0px; padding: 0px;"></span><img alt="Capsicum - Red (Shimla Mirch) image" src="/_next/image?url=https%3A%2F%2Fimg.crofarm.com%2Fimages%2Fprodsmall%2F10254_1711968701.663772_pdp.webp&amp;w=640&amp;q=75" decoding="async" data-nimg="intrinsic" class="style_card_img__RJxGM" style="position: absolute; inset: 0px; box-sizing: border-box; padding: 0px; border: none; margin: auto; display: block; width: 0px; height: 0px; min-width: 100%; max-width: 100%; min-height: 100%; max-height: 100%;" srcset="/_next/image?url=https%3A%2F%2Fimg.crofarm.com%2Fimages%2Fprodsmall%2F10254_1711968701.663772_pdp.webp&amp;w=256&amp;q=75 1x, /_next/image?url=https%3A%2F%2Fimg.crofarm.com%2Fimages%2Fprodsmall%2F10254_1711968701.663772_pdp.webp&amp;w=640&amp;q=75 2x"></span><div class="style_card_info__xGm58"><h3 class="style_prod_name__QllSp">Capsicum - Red (Shimla Mirch)</h3><h6 class="style_prod_price__4TltC"><span class="style_striked_price__4ghn5">₹298.8</span><span class="style_selling_price__GaIsF">&nbsp;₹261.2/kg</span> </h6><div class="style_cta__2QWKl"><div><p class="style_final_price__FERLK">₹104.5&nbsp;&nbsp;<span class="style_prod_qt__cXcqe">400 g</span></p></div><div><span class="style_btn__0_x3D">Add</span></div></div></div></div></div><div class="style_card__v4i84    }"><div class="style_card_details__qi0G9"><span style="box-sizing: border-box; display: inline-block; overflow: hidden; width: initial; height: initial; background: none; opacity: 1; border: 0px; margin: 0px; padding: 0px; position: relative; max-width: 100%;"><span style="box-sizing: border-box; display: block; width: initial; height: initial; background: none; opacity: 1; border: 0px; margin: 0px; padding: 0px; max-width: 100%;"><img alt="" aria-hidden="true" src="data:image/svg+xml,%3csvg%20xmlns=%27http://www.w3.org/2000/svg%27%20version=%271.1%27%20width=%27200%27%20height=%27185%27/%3e" style="display: block; max-width: 100%; width: initial; height: initial; background: none; opacity: 1; border: 0px; margin: 0px; padding: 0px;"></span><img alt="Capsicum - Yellow (Shimla Mirch) image" src="/_next/image?url=https%3A%2F%2Fimg.crofarm.com%2Fimages%2Fprodsmall%2F10253_1711968733.2557049_pdp.webp&amp;w=640&amp;q=75" decoding="async" data-nimg="intrinsic" class="style_card_img__RJxGM" style="position: absolute; inset: 0px; box-sizing: border-box; padding: 0px; border: none; margin: auto; display: block; width: 0px; height: 0px; min-width: 100%; max-width: 100%; min-height: 100%; max-height: 100%;" srcset="/_next/image?url=https%3A%2F%2Fimg.crofarm.com%2Fimages%2Fprodsmall%2F10253_1711968733.2557049_pdp.webp&amp;w=256&amp;q=75 1x, /_next/image?url=https%3A%2F%2Fimg.crofarm.com%2Fimages%2Fprodsmall%2F10253_1711968733.2557049_pdp.webp&amp;w=640&amp;q=75 2x"></span><div class="style_card_info__xGm58"><h3 class="style_prod_name__QllSp">Capsicum - Yellow (Shimla Mirch)</h3><h6 class="style_prod_price__4TltC"><span class="style_striked_price__4ghn5">₹298.8</span><span class="style_selling_price__GaIsF">&nbsp;₹261.2/kg</span> </h6><div class="style_cta__2QWKl"><div><p class="style_final_price__FERLK">₹104.5&nbsp;&nbsp;<span class="style_prod_qt__cXcqe">400 g</span></p></div><div><span class="style_btn__0_x3D">Add</span></div></div></div></div></div><div class="style_card__v4i84    }"><div class="style_card_details__qi0G9"><span style="box-sizing: border-box; display: inline-block; overflow: hidden; width: initial; height: initial; background: none; opacity: 1; border: 0px; margin: 0px; padding: 0px; position: relative; max-width: 100%;"><span style="box-sizing: border-box; display: block; width: initial; height: initial; background: none; opacity: 1; border: 0px; margin: 0px; padding: 0px; max-width: 100%;"><img alt="" aria-hidden="true" src="data:image/svg+xml,%3csvg%20xmlns=%27http://www.w3.org/2000/svg%27%20version=%271.1%27%20width=%27200%27%20height=%27185%27/%3e" style="display: block; max-width: 100%; width: initial; height: initial; background: none; opacity: 1; border: 0px; margin: 0px; padding: 0px;"></span><img alt="Cottage Cheese And Basil Pasta Salad image" src="/_next/image?url=https%3A%2F%2Fimg.crofarm.com%2Fimages%2Fprodsmall%2F10211_1715237458.1477652_pdp.webp&amp;w=640&amp;q=75" decoding="async" data-nimg="intrinsic" class="style_card_img__RJxGM" style="position: absolute; inset: 0px; box-sizing: border-box; padding: 0px; border: none; margin: auto; display: block; width: 0px; height: 0px; min-width: 100%; max-width: 100%; min-height: 100%; max-height: 100%;" srcset="/_next/image?url=https%3A%2F%2Fimg.crofarm.com%2Fimages%2Fprodsmall%2F10211_1715237458.1477652_pdp.webp&amp;w=256&amp;q=75 1x, /_next/image?url=https%3A%2F%2Fimg.crofarm.com%2Fimages%2Fprodsmall%2F10211_1715237458.1477652_pdp.webp&amp;w=640&amp;q=75 2x"></span><div class="style_card_info__xGm58"><h3 class="style_prod_name__QllSp">Cottage Cheese And Basil Pasta Salad</h3><h6 class="style_prod_price__4TltC"><span class="style_striked_price__4ghn5">₹148.5</span><span class="style_selling_price__GaIsF">&nbsp;₹133.5/Pack</span> </h6><div class="style_cta__2QWKl"><div><p class="style_final_price__FERLK">₹133.5&nbsp;&nbsp;<span class="style_prod_qt__cXcqe">200 g</span></p></div><div><span class="style_btn__0_x3D">Add</span></div></div></div></div></div><div class="style_card__v4i84    }"><div class="style_card_details__qi0G9"><span style="box-sizing: border-box; display: inline-block; overflow: hidden; width: initial; height: initial; background: none; opacity: 1; border: 0px; margin: 0px; padding: 0px; position: relative; max-width: 100%;"><span style="box-sizing: border-box; display: block; width: initial; height: initial; background: none; opacity: 1; border: 0px; margin: 0px; padding: 0px; max-width: 100%;"><img alt="" aria-hidden="true" src="data:image/svg+xml,%3csvg%20xmlns=%27http://www.w3.org/2000/svg%27%20version=%271.1%27%20width=%27200%27%20height=%27185%27/%3e" style="display: block; max-width: 100%; width: initial; height: initial; background: none; opacity: 1; border: 0px; margin: 0px; padding: 0px;"></span><img alt="Exotic Fruit Nut Salad image" src="/_next/image?url=https%3A%2F%2Fimg.crofarm.com%2Fimages%2Fprodsmall%2F10215_1711968713.539987_pdp.webp&amp;w=640&amp;q=75" decoding="async" data-nimg="intrinsic" class="style_card_img__RJxGM" style="position: absolute; inset: 0px; box-sizing: border-box; padding: 0px; border: none; margin: auto; display: block; width: 0px; height: 0px; min-width: 100%; max-width: 100%; min-height: 100%; max-height: 100%;" srcset="/_next/image?url=https%3A%2F%2Fimg.crofarm.com%2Fimages%2Fprodsmall%2F10215_1711968713.539987_pdp.webp&amp;w=256&amp;q=75 1x, /_next/image?url=https%3A%2F%2Fimg.crofarm.com%2Fimages%2Fprodsmall%2F10215_1711968713.539987_pdp.webp&amp;w=640&amp;q=75 2x"></span><div class="style_card_info__xGm58"><h3 class="style_prod_name__QllSp">Exotic Fruit Nut Salad</h3><h6 class="style_prod_price__4TltC"><span class="style_striked_price__4ghn5">₹157.6</span><span class="style_selling_price__GaIsF">&nbsp;₹142.6/Pack</span> </h6><div class="style_cta__2QWKl"><div><p class="style_final_price__FERLK">₹142.6&nbsp;&nbsp;<span class="style_prod_qt__cXcqe">200 g</span></p></div><div><span class="style_btn__0_x3D">Add</span></div></div></div></div></div><div class="style_card__v4i84    }"><div class="style_card_details__qi0G9"><span style="box-sizing: border-box; display: inline-block; overflow: hidden; width: initial; height: initial; background: none; opacity: 1; border: 0px; margin: 0px; padding: 0px; position: relative; max-width: 100%;"><span style="box-sizing: border-box; display: block; width: initial; height: initial; background: none; opacity: 1; border: 0px; margin: 0px; padding: 0px; max-width: 100%;"><img alt="" aria-hidden="true" src="data:image/svg+xml,%3csvg%20xmlns=%27http://www.w3.org/2000/svg%27%20version=%271.1%27%20width=%27200%27%20height=%27185%27/%3e" style="display: block; max-width: 100%; width: initial; height: initial; background: none; opacity: 1; border: 0px; margin: 0px; padding: 0px;"></span><img alt="Nutty Cottage Cheese And Pineapple Salad image" src="/_next/image?url=https%3A%2F%2Fimg.crofarm.com%2Fimages%2Fprodsmall%2F10213_1711968758.0809767_pdp.webp&amp;w=640&amp;q=75" decoding="async" data-nimg="intrinsic" class="style_card_img__RJxGM" style="position: absolute; inset: 0px; box-sizing: border-box; padding: 0px; border: none; margin: auto; display: block; width: 0px; height: 0px; min-width: 100%; max-width: 100%; min-height: 100%; max-height: 100%;" srcset="/_next/image?url=https%3A%2F%2Fimg.crofarm.com%2Fimages%2Fprodsmall%2F10213_1711968758.0809767_pdp.webp&amp;w=256&amp;q=75 1x, /_next/image?url=https%3A%2F%2Fimg.crofarm.com%2Fimages%2Fprodsmall%2F10213_1711968758.0809767_pdp.webp&amp;w=640&amp;q=75 2x"></span><div class="style_card_info__xGm58"><h3 class="style_prod_name__QllSp">Nutty Cottage Cheese And Pineapple Salad</h3><h6 class="style_prod_price__4TltC"><span class="style_striked_price__4ghn5">₹155.5</span><span class="style_selling_price__GaIsF">&nbsp;₹140.5/Pack</span> </h6><div class="style_cta__2QWKl"><div><p class="style_final_price__FERLK">₹140.5&nbsp;&nbsp;<span class="style_prod_qt__cXcqe">200 g</span></p></div><div><span class="style_btn__0_x3D">Add</span></div></div></div></div></div><div class="style_card__v4i84    }"><div class="style_card_details__qi0G9"><span style="box-sizing: border-box; display: inline-block; overflow: hidden; width: initial; height: initial; background: none; opacity: 1; border: 0px; margin: 0px; padding: 0px; position: relative; max-width: 100%;"><span style="box-sizing: border-box; display: block; width: initial; height: initial; background: none; opacity: 1; border: 0px; margin: 0px; padding: 0px; max-width: 100%;"><img alt="" aria-hidden="true" src="data:image/svg+xml,%3csvg%20xmlns=%27http://www.w3.org/2000/svg%27%20version=%271.1%27%20width=%27200%27%20height=%27185%27/%3e" style="display: block; max-width: 100%; width: initial; height: initial; background: none; opacity: 1; border: 0px; margin: 0px; padding: 0px;"></span><img alt="Potato - Neelkanth (Sugar free Aloo) image" src="/_next/image?url=https%3A%2F%2Fimg.crofarm.com%2Fimages%2Fprodsmall%2Ff65245ca0634.jpg&amp;w=640&amp;q=75" decoding="async" data-nimg="intrinsic" class="style_card_img__RJxGM" style="position: absolute; inset: 0px; box-sizing: border-box; padding: 0px; border: none; margin: auto; display: block; width: 0px; height: 0px; min-width: 100%; max-width: 100%; min-height: 100%; max-height: 100%;" srcset="/_next/image?url=https%3A%2F%2Fimg.crofarm.com%2Fimages%2Fprodsmall%2Ff65245ca0634.jpg&amp;w=256&amp;q=75 1x, /_next/image?url=https%3A%2F%2Fimg.crofarm.com%2Fimages%2Fprodsmall%2Ff65245ca0634.jpg&amp;w=640&amp;q=75 2x"></span><div class="style_card_info__xGm58"><h3 class="style_prod_name__QllSp">Potato - Neelkanth (Sugar free Aloo)</h3><h6 class="style_prod_price__4TltC"><span class="style_striked_price__4ghn5">₹55.2</span><span class="style_selling_price__GaIsF">&nbsp;₹45.2/kg</span> </h6><div class="style_cta__2QWKl"><div><p class="style_final_price__FERLK">₹45.2&nbsp;&nbsp;<span class="style_prod_qt__cXcqe">1 kg</span></p></div><div><span class="style_btn__0_x3D">Add</span></div></div></div></div></div><div class="style_card__v4i84    }"><div class="style_card_details__qi0G9"><span style="box-sizing: border-box; display: inline-block; overflow: hidden; width: initial; height: initial; background: none; opacity: 1; border: 0px; margin: 0px; padding: 0px; position: relative; max-width: 100%;"><span style="box-sizing: border-box; display: block; width: initial; height: initial; background: none; opacity: 1; border: 0px; margin: 0px; padding: 0px; max-width: 100%;"><img alt="" aria-hidden="true" src="data:image/svg+xml,%3csvg%20xmlns=%27http://www.w3.org/2000/svg%27%20version=%271.1%27%20width=%27200%27%20height=%27185%27/%3e" style="display: block; max-width: 100%; width: initial; height: initial; background: none; opacity: 1; border: 0px; margin: 0px; padding: 0px;"></span><img alt="Veggie Salad Mix image" src="/_next/image?url=https%3A%2F%2Fimg.crofarm.com%2Fimages%2Fprodsmall%2Ff86c0ccb42d1.jpg&amp;w=640&amp;q=75" decoding="async" data-nimg="intrinsic" class="style_card_img__RJxGM" style="position: absolute; inset: 0px; box-sizing: border-box; padding: 0px; border: none; margin: auto; display: block; width: 0px; height: 0px; min-width: 100%; max-width: 100%; min-height: 100%; max-height: 100%;" srcset="/_next/image?url=https%3A%2F%2Fimg.crofarm.com%2Fimages%2Fprodsmall%2Ff86c0ccb42d1.jpg&amp;w=256&amp;q=75 1x, /_next/image?url=https%3A%2F%2Fimg.crofarm.com%2Fimages%2Fprodsmall%2Ff86c0ccb42d1.jpg&amp;w=640&amp;q=75 2x"></span><div class="style_card_info__xGm58"><h3 class="style_prod_name__QllSp">Veggie Salad Mix</h3><h6 class="style_prod_price__4TltC"><span class="style_striked_price__4ghn5">₹70.4</span><span class="style_selling_price__GaIsF">&nbsp;₹60.4/Pack</span> </h6><div class="style_cta__2QWKl"><div><p class="style_final_price__FERLK">₹60.4&nbsp;&nbsp;<span class="style_prod_qt__cXcqe">250 g</span></p></div><div><span class="style_btn__0_x3D">Add</span></div></div></div></div></div><div class="style_card__v4i84    }"><div class="style_card_details__qi0G9"><span style="box-sizing: border-box; display: inline-block; overflow: hidden; width: initial; height: initial; background: none; opacity: 1; border: 0px; margin: 0px; padding: 0px; position: relative; max-width: 100%;"><span style="box-sizing: border-box; display: block; width: initial; height: initial; background: none; opacity: 1; border: 0px; margin: 0px; padding: 0px; max-width: 100%;"><img alt="" aria-hidden="true" src="data:image/svg+xml,%3csvg%20xmlns=%27http://www.w3.org/2000/svg%27%20version=%271.1%27%20width=%27200%27%20height=%27185%27/%3e" style="display: block; max-width: 100%; width: initial; height: initial; background: none; opacity: 1; border: 0px; margin: 0px; padding: 0px;"></span><img alt="Tomato - Hybrid (Tamatar) image" src="/_next/image?url=https%3A%2F%2Fimg.crofarm.com%2Fimages%2Fprodsmall%2Ff5a3b8ebc41f.jpg&amp;w=640&amp;q=75" decoding="async" data-nimg="intrinsic" class="style_card_img__RJxGM" style="position: absolute; inset: 0px; box-sizing: border-box; padding: 0px; border: none; margin: auto; display: block; width: 0px; height: 0px; min-width: 100%; max-width: 100%; min-height: 100%; max-height: 100%;" srcset="/_next/image?url=https%3A%2F%2Fimg.crofarm.com%2Fimages%2Fprodsmall%2Ff5a3b8ebc41f.jpg&amp;w=256&amp;q=75 1x, /_next/image?url=https%3A%2F%2Fimg.crofarm.com%2Fimages%2Fprodsmall%2Ff5a3b8ebc41f.jpg&amp;w=640&amp;q=75 2x"></span><div class="style_card_info__xGm58"><h3 class="style_prod_name__QllSp">Tomato - Hybrid (Tamatar)</h3><h6 class="style_prod_price__4TltC"><span class="style_striked_price__4ghn5">₹115.2</span><span class="style_selling_price__GaIsF">&nbsp;₹100.2/kg</span> </h6><div class="style_cta__2QWKl"><div><p class="style_final_price__FERLK">₹100.2&nbsp;&nbsp;<span class="style_prod_qt__cXcqe">1 kg</span></p></div><div><span class="style_btn__0_x3D">Add</span></div></div></div></div></div><div class="style_card__v4i84    }"><div class="style_card_details__qi0G9"><span style="box-sizing: border-box; display: inline-block; overflow: hidden; width: initial; height: initial; background: none; opacity: 1; border: 0px; margin: 0px; padding: 0px; position: relative; max-width: 100%;"><span style="box-sizing: border-box; display: block; width: initial; height: initial; background: none; opacity: 1; border: 0px; margin: 0px; padding: 0px; max-width: 100%;"><img alt="" aria-hidden="true" src="data:image/svg+xml,%3csvg%20xmlns=%27http://www.w3.org/2000/svg%27%20version=%271.1%27%20width=%27200%27%20height=%27185%27/%3e" style="display: block; max-width: 100%; width: initial; height: initial; background: none; opacity: 1; border: 0px; margin: 0px; padding: 0px;"></span><img alt="Sweet Potato (Shakarkand) image" src="/_next/image?url=https%3A%2F%2Fimg.crofarm.com%2Fimages%2Fprodsmall%2Feab3f3cd9851.jpg&amp;w=640&amp;q=75" decoding="async" data-nimg="intrinsic" class="style_card_img__RJxGM" style="position: absolute; inset: 0px; box-sizing: border-box; padding: 0px; border: none; margin: auto; display: block; width: 0px; height: 0px; min-width: 100%; max-width: 100%; min-height: 100%; max-height: 100%;" srcset="/_next/image?url=https%3A%2F%2Fimg.crofarm.com%2Fimages%2Fprodsmall%2Feab3f3cd9851.jpg&amp;w=256&amp;q=75 1x, /_next/image?url=https%3A%2F%2Fimg.crofarm.com%2Fimages%2Fprodsmall%2Feab3f3cd9851.jpg&amp;w=640&amp;q=75 2x"></span><div class="style_card_info__xGm58"><h3 class="style_prod_name__QllSp">Sweet Potato (Shakarkand)</h3><h6 class="style_prod_price__4TltC"><span class="style_striked_price__4ghn5">₹145.5</span><span class="style_selling_price__GaIsF">&nbsp;₹130.5/kg</span> </h6><div class="style_cta__2QWKl"><div><p class="style_final_price__FERLK">₹130.5&nbsp;&nbsp;<span class="style_prod_qt__cXcqe">1 kg</span></p></div><div><span class="style_btn__0_x3D">Add</span></div></div></div></div></div><div class="style_card__v4i84    }"><div class="style_card_details__qi0G9"><span style="box-sizing: border-box; display: inline-block; overflow: hidden; width: initial; height: initial; background: none; opacity: 1; border: 0px; margin: 0px; padding: 0px; position: relative; max-width: 100%;"><span style="box-sizing: border-box; display: block; width: initial; height: initial; background: none; opacity: 1; border: 0px; margin: 0px; padding: 0px; max-width: 100%;"><img alt="" aria-hidden="true" src="data:image/svg+xml,%3csvg%20xmlns=%27http://www.w3.org/2000/svg%27%20version=%271.1%27%20width=%27200%27%20height=%27185%27/%3e" style="display: block; max-width: 100%; width: initial; height: initial; background: none; opacity: 1; border: 0px; margin: 0px; padding: 0px;"></span><img alt="Hydroponic Cucumber - Seedless (Kheera) image" src="/_next/image?url=https%3A%2F%2Fimg.crofarm.com%2Fimages%2Fprodsmall%2F4115_1711968862.3220935_pdp.webp&amp;w=640&amp;q=75" decoding="async" data-nimg="intrinsic" class="style_card_img__RJxGM" style="position: absolute; inset: 0px; box-sizing: border-box; padding: 0px; border: none; margin: auto; display: block; width: 0px; height: 0px; min-width: 100%; max-width: 100%; min-height: 100%; max-height: 100%;" srcset="/_next/image?url=https%3A%2F%2Fimg.crofarm.com%2Fimages%2Fprodsmall%2F4115_1711968862.3220935_pdp.webp&amp;w=256&amp;q=75 1x, /_next/image?url=https%3A%2F%2Fimg.crofarm.com%2Fimages%2Fprodsmall%2F4115_1711968862.3220935_pdp.webp&amp;w=640&amp;q=75 2x"></span><div class="style_card_info__xGm58"><h3 class="style_prod_name__QllSp">Hydroponic Cucumber - Seedless (Kheera)</h3><h6 class="style_prod_price__4TltC"><span class="style_striked_price__4ghn5">₹80.5</span><span class="style_selling_price__GaIsF">&nbsp;₹70.5/Pack</span> </h6><div class="style_cta__2QWKl"><div><p class="style_final_price__FERLK">₹70.5&nbsp;&nbsp;<span class="style_prod_qt__cXcqe">1 Pack</span></p></div><div><span class="style_btn__0_x3D">Add</span></div></div></div></div></div><div class="style_card__v4i84    }"><div class="style_card_details__qi0G9"><span style="box-sizing: border-box; display: inline-block; overflow: hidden; width: initial; height: initial; background: none; opacity: 1; border: 0px; margin: 0px; padding: 0px; position: relative; max-width: 100%;"><span style="box-sizing: border-box; display: block; width: initial; height: initial; background: none; opacity: 1; border: 0px; margin: 0px; padding: 0px; max-width: 100%;"><img alt="" aria-hidden="true" src="data:image/svg+xml,%3csvg%20xmlns=%27http://www.w3.org/2000/svg%27%20version=%271.1%27%20width=%27200%27%20height=%27185%27/%3e" style="display: block; max-width: 100%; width: initial; height: initial; background: none; opacity: 1; border: 0px; margin: 0px; padding: 0px;"></span><img alt="Onion (Pyaaz) image" src="/_next/image?url=https%3A%2F%2Fimg.crofarm.com%2Fimages%2Fprodsmall%2Ff7636b42edfc.jpg&amp;w=640&amp;q=75" decoding="async" data-nimg="intrinsic" class="style_card_img__RJxGM" style="position: absolute; inset: 0px; box-sizing: border-box; padding: 0px; border: none; margin: auto; display: block; width: 0px; height: 0px; min-width: 100%; max-width: 100%; min-height: 100%; max-height: 100%;" srcset="/_next/image?url=https%3A%2F%2Fimg.crofarm.com%2Fimages%2Fprodsmall%2Ff7636b42edfc.jpg&amp;w=256&amp;q=75 1x, /_next/image?url=https%3A%2F%2Fimg.crofarm.com%2Fimages%2Fprodsmall%2Ff7636b42edfc.jpg&amp;w=640&amp;q=75 2x"></span><div class="style_card_info__xGm58"><h3 class="style_prod_name__QllSp">Onion (Pyaaz)</h3><h6 class="style_prod_price__4TltC"><span class="style_striked_price__4ghn5">₹73.1</span><span class="style_selling_price__GaIsF">&nbsp;₹68.1/kg</span> </h6><div class="style_cta__2QWKl"><div><p class="style_final_price__FERLK">₹136.2&nbsp;&nbsp;<span class="style_prod_qt__cXcqe">2 kg</span></p></div><div><span class="style_btn__0_x3D">Add</span></div></div></div></div></div><div class="style_card__v4i84    }"><div class="style_card_details__qi0G9"><span style="box-sizing: border-box; display: inline-block; overflow: hidden; width: initial; height: initial; background: none; opacity: 1; border: 0px; margin: 0px; padding: 0px; position: relative; max-width: 100%;"><span style="box-sizing: border-box; display: block; width: initial; height: initial; background: none; opacity: 1; border: 0px; margin: 0px; padding: 0px; max-width: 100%;"><img alt="" aria-hidden="true" src="data:image/svg+xml,%3csvg%20xmlns=%27http://www.w3.org/2000/svg%27%20version=%271.1%27%20width=%27200%27%20height=%27185%27/%3e" style="display: block; max-width: 100%; width: initial; height: initial; background: none; opacity: 1; border: 0px; margin: 0px; padding: 0px;"></span><img alt="Organic Tomato (Tamatar) image" src="/_next/image?url=https%3A%2F%2Fimg.crofarm.com%2Fimages%2Fprodsmall%2F1121_1715236983.5142517_pdp.webp&amp;w=640&amp;q=75" decoding="async" data-nimg="intrinsic" class="style_card_img__RJxGM" style="position: absolute; inset: 0px; box-sizing: border-box; padding: 0px; border: none; margin: auto; display: block; width: 0px; height: 0px; min-width: 100%; max-width: 100%; min-height: 100%; max-height: 100%;" srcset="/_next/image?url=https%3A%2F%2Fimg.crofarm.com%2Fimages%2Fprodsmall%2F1121_1715236983.5142517_pdp.webp&amp;w=256&amp;q=75 1x, /_next/image?url=https%3A%2F%2Fimg.crofarm.com%2Fimages%2Fprodsmall%2F1121_1715236983.5142517_pdp.webp&amp;w=640&amp;q=75 2x"></span><div class="style_card_info__xGm58"><h3 class="style_prod_name__QllSp">Organic Tomato (Tamatar)</h3><h6 class="style_prod_price__4TltC"><span class="style_striked_price__4ghn5">₹174.4</span><span class="style_selling_price__GaIsF">&nbsp;₹152.2/kg</span> </h6><div class="style_cta__2QWKl"><div><p class="style_final_price__FERLK">₹68.5&nbsp;&nbsp;<span class="style_prod_qt__cXcqe">450 g</span></p></div><div><span class="style_btn__0_x3D">Add</span></div></div></div></div></div><div class="style_card__v4i84    }"><div class="style_card_details__qi0G9"><span style="box-sizing: border-box; display: inline-block; overflow: hidden; width: initial; height: initial; background: none; opacity: 1; border: 0px; margin: 0px; padding: 0px; position: relative; max-width: 100%;"><span style="box-sizing: border-box; display: block; width: initial; height: initial; background: none; opacity: 1; border: 0px; margin: 0px; padding: 0px; max-width: 100%;"><img alt="" aria-hidden="true" src="data:image/svg+xml,%3csvg%20xmlns=%27http://www.w3.org/2000/svg%27%20version=%271.1%27%20width=%27200%27%20height=%27185%27/%3e" style="display: block; max-width: 100%; width: initial; height: initial; background: none; opacity: 1; border: 0px; margin: 0px; padding: 0px;"></span><img alt="Organic Onion (Pyaaz) image" src="/_next/image?url=https%3A%2F%2Fimg.crofarm.com%2Fimages%2Fprodsmall%2F1542_1715236976.5420098_pdp.webp&amp;w=640&amp;q=75" decoding="async" data-nimg="intrinsic" class="style_card_img__RJxGM" style="position: absolute; inset: 0px; box-sizing: border-box; padding: 0px; border: none; margin: auto; display: block; width: 0px; height: 0px; min-width: 100%; max-width: 100%; min-height: 100%; max-height: 100%;" srcset="/_next/image?url=https%3A%2F%2Fimg.crofarm.com%2Fimages%2Fprodsmall%2F1542_1715236976.5420098_pdp.webp&amp;w=256&amp;q=75 1x, /_next/image?url=https%3A%2F%2Fimg.crofarm.com%2Fimages%2Fprodsmall%2F1542_1715236976.5420098_pdp.webp&amp;w=640&amp;q=75 2x"></span><div class="style_card_info__xGm58"><h3 class="style_prod_name__QllSp">Organic Onion (Pyaaz)</h3><h6 class="style_prod_price__4TltC"><span class="style_striked_price__4ghn5">₹127</span><span class="style_selling_price__GaIsF">&nbsp;₹107/kg</span> </h6><div class="style_cta__2QWKl"><div><p class="style_final_price__FERLK">₹53.5&nbsp;&nbsp;<span class="style_prod_qt__cXcqe">500 g</span></p></div><div><span class="style_btn__0_x3D">Add</span></div></div></div></div></div><div class="style_card__v4i84    }"><div class="style_card_details__qi0G9"><span style="box-sizing: border-box; display: inline-block; overflow: hidden; width: initial; height: initial; background: none; opacity: 1; border: 0px; margin: 0px; padding: 0px; position: relative; max-width: 100%;"><span style="box-sizing: border-box; display: block; width: initial; height: initial; background: none; opacity: 1; border: 0px; margin: 0px; padding: 0px; max-width: 100%;"><img alt="" aria-hidden="true" src="data:image/svg+xml,%3csvg%20xmlns=%27http://www.w3.org/2000/svg%27%20version=%271.1%27%20width=%27200%27%20height=%27185%27/%3e" style="display: block; max-width: 100%; width: initial; height: initial; background: none; opacity: 1; border: 0px; margin: 0px; padding: 0px;"></span><img alt="Yam (Jimikand) image" src="/_next/image?url=https%3A%2F%2Fimg.crofarm.com%2Fimages%2Fprodsmall%2F1567_1711968808.4393818_pdp.webp&amp;w=640&amp;q=75" decoding="async" data-nimg="intrinsic" class="style_card_img__RJxGM" style="position: absolute; inset: 0px; box-sizing: border-box; padding: 0px; border: none; margin: auto; display: block; width: 0px; height: 0px; min-width: 100%; max-width: 100%; min-height: 100%; max-height: 100%;" srcset="/_next/image?url=https%3A%2F%2Fimg.crofarm.com%2Fimages%2Fprodsmall%2F1567_1711968808.4393818_pdp.webp&amp;w=256&amp;q=75 1x, /_next/image?url=https%3A%2F%2Fimg.crofarm.com%2Fimages%2Fprodsmall%2F1567_1711968808.4393818_pdp.webp&amp;w=640&amp;q=75 2x"></span><div class="style_card_info__xGm58"><h3 class="style_prod_name__QllSp">Yam (Jimikand)</h3><h6 class="style_prod_price__4TltC"><span class="style_striked_price__4ghn5">₹142</span><span class="style_selling_price__GaIsF">&nbsp;₹125.3/kg</span> </h6><div class="style_cta__2QWKl"><div><p class="style_final_price__FERLK">₹75.2&nbsp;&nbsp;<span class="style_prod_qt__cXcqe">600 g</span></p></div><div><span class="style_btn__0_x3D">Add</span></div></div></div></div></div><div class="style_card__v4i84    }"><div class="style_card_details__qi0G9"><span style="box-sizing: border-box; display: inline-block; overflow: hidden; width: initial; height: initial; background: none; opacity: 1; border: 0px; margin: 0px; padding: 0px; position: relative; max-width: 100%;"><span style="box-sizing: border-box; display: block; width: initial; height: initial; background: none; opacity: 1; border: 0px; margin: 0px; padding: 0px; max-width: 100%;"><img alt="" aria-hidden="true" src="data:image/svg+xml,%3csvg%20xmlns=%27http://www.w3.org/2000/svg%27%20version=%271.1%27%20width=%27200%27%20height=%27185%27/%3e" style="display: block; max-width: 100%; width: initial; height: initial; background: none; opacity: 1; border: 0px; margin: 0px; padding: 0px;"></span><img alt="Sprouts - Chana image" src="/_next/image?url=https%3A%2F%2Fimg.crofarm.com%2Fimages%2Fprodsmall%2F1159_1711968863.508729_pdp.webp&amp;w=640&amp;q=75" decoding="async" data-nimg="intrinsic" class="style_card_img__RJxGM" style="position: absolute; inset: 0px; box-sizing: border-box; padding: 0px; border: none; margin: auto; display: block; width: 0px; height: 0px; min-width: 100%; max-width: 100%; min-height: 100%; max-height: 100%;" srcset="/_next/image?url=https%3A%2F%2Fimg.crofarm.com%2Fimages%2Fprodsmall%2F1159_1711968863.508729_pdp.webp&amp;w=256&amp;q=75 1x, /_next/image?url=https%3A%2F%2Fimg.crofarm.com%2Fimages%2Fprodsmall%2F1159_1711968863.508729_pdp.webp&amp;w=640&amp;q=75 2x"></span><div class="style_card_info__xGm58"><h3 class="style_prod_name__QllSp">Sprouts - Chana</h3><h6 class="style_prod_price__4TltC"><span class="style_striked_price__4ghn5">₹38.4</span><span class="style_selling_price__GaIsF">&nbsp;₹28.4/Pack</span> </h6><div class="style_cta__2QWKl"><div><p class="style_final_price__FERLK">₹28.4&nbsp;&nbsp;<span class="style_prod_qt__cXcqe">150 g</span></p></div><div><span class="style_btn__0_x3D">Add</span></div></div></div></div></div><div class="style_card__v4i84    }"><div class="style_card_details__qi0G9"><span style="box-sizing: border-box; display: inline-block; overflow: hidden; width: initial; height: initial; background: none; opacity: 1; border: 0px; margin: 0px; padding: 0px; position: relative; max-width: 100%;"><span style="box-sizing: border-box; display: block; width: initial; height: initial; background: none; opacity: 1; border: 0px; margin: 0px; padding: 0px; max-width: 100%;"><img alt="" aria-hidden="true" src="data:image/svg+xml,%3csvg%20xmlns=%27http://www.w3.org/2000/svg%27%20version=%271.1%27%20width=%27200%27%20height=%27185%27/%3e" style="display: block; max-width: 100%; width: initial; height: initial; background: none; opacity: 1; border: 0px; margin: 0px; padding: 0px;"></span><img alt="Onion (Pyaaz) image" src="/_next/image?url=https%3A%2F%2Fimg.crofarm.com%2Fimages%2Fprodsmall%2F2947_1711968781.5440478_pdp.webp&amp;w=640&amp;q=75" decoding="async" data-nimg="intrinsic" class="style_card_img__RJxGM" style="position: absolute; inset: 0px; box-sizing: border-box; padding: 0px; border: none; margin: auto; display: block; width: 0px; height: 0px; min-width: 100%; max-width: 100%; min-height: 100%; max-height: 100%;" srcset="/_next/image?url=https%3A%2F%2Fimg.crofarm.com%2Fimages%2Fprodsmall%2F2947_1711968781.5440478_pdp.webp&amp;w=256&amp;q=75 1x, /_next/image?url=https%3A%2F%2Fimg.crofarm.com%2Fimages%2Fprodsmall%2F2947_1711968781.5440478_pdp.webp&amp;w=640&amp;q=75 2x"></span><div class="style_card_info__xGm58"><h3 class="style_prod_name__QllSp">Onion (Pyaaz)</h3><h6 class="style_prod_price__4TltC"><span class="style_striked_price__4ghn5">₹90.2</span><span class="style_selling_price__GaIsF">&nbsp;₹72/kg</span> </h6><div class="style_cta__2QWKl"><div><p class="style_final_price__FERLK">₹39.6&nbsp;&nbsp;<span class="style_prod_qt__cXcqe">550 g</span></p></div><div><span class="style_btn__0_x3D">Add</span></div></div></div></div></div><div class="style_card__v4i84    }"><div class="style_card_details__qi0G9"><span style="box-sizing: border-box; display: inline-block; overflow: hidden; width: initial; height: initial; background: none; opacity: 1; border: 0px; margin: 0px; padding: 0px; position: relative; max-width: 100%;"><span style="box-sizing: border-box; display: block; width: initial; height: initial; background: none; opacity: 1; border: 0px; margin: 0px; padding: 0px; max-width: 100%;"><img alt="" aria-hidden="true" src="data:image/svg+xml,%3csvg%20xmlns=%27http://www.w3.org/2000/svg%27%20version=%271.1%27%20width=%27200%27%20height=%27185%27/%3e" style="display: block; max-width: 100%; width: initial; height: initial; background: none; opacity: 1; border: 0px; margin: 0px; padding: 0px;"></span><img alt="Sprouts - Kulthi image" src="/_next/image?url=https%3A%2F%2Fimg.crofarm.com%2Fimages%2Fprodsmall%2Ff14df29e7f8c.jpg&amp;w=640&amp;q=75" decoding="async" data-nimg="intrinsic" class="style_card_img__RJxGM" style="position: absolute; inset: 0px; box-sizing: border-box; padding: 0px; border: none; margin: auto; display: block; width: 0px; height: 0px; min-width: 100%; max-width: 100%; min-height: 100%; max-height: 100%;" srcset="/_next/image?url=https%3A%2F%2Fimg.crofarm.com%2Fimages%2Fprodsmall%2Ff14df29e7f8c.jpg&amp;w=256&amp;q=75 1x, /_next/image?url=https%3A%2F%2Fimg.crofarm.com%2Fimages%2Fprodsmall%2Ff14df29e7f8c.jpg&amp;w=640&amp;q=75 2x"></span><div class="style_card_info__xGm58"><h3 class="style_prod_name__QllSp">Sprouts - Kulthi</h3><h6 class="style_prod_price__4TltC"><span class="style_striked_price__4ghn5">₹38.4</span><span class="style_selling_price__GaIsF">&nbsp;₹28.4/Pack</span> </h6><div class="style_cta__2QWKl"><div><p class="style_final_price__FERLK">₹28.4&nbsp;&nbsp;<span class="style_prod_qt__cXcqe">100 g</span></p></div><div><span class="style_btn__0_x3D">Add</span></div></div></div></div></div><div class="style_card__v4i84    }"><div class="style_card_details__qi0G9"><span style="box-sizing: border-box; display: inline-block; overflow: hidden; width: initial; height: initial; background: none; opacity: 1; border: 0px; margin: 0px; padding: 0px; position: relative; max-width: 100%;"><span style="box-sizing: border-box; display: block; width: initial; height: initial; background: none; opacity: 1; border: 0px; margin: 0px; padding: 0px; max-width: 100%;"><img alt="" aria-hidden="true" src="data:image/svg+xml,%3csvg%20xmlns=%27http://www.w3.org/2000/svg%27%20version=%271.1%27%20width=%27200%27%20height=%27185%27/%3e" style="display: block; max-width: 100%; width: initial; height: initial; background: none; opacity: 1; border: 0px; margin: 0px; padding: 0px;"></span><img alt="Sprouts - Lobia image" src="/_next/image?url=https%3A%2F%2Fimg.crofarm.com%2Fimages%2Fprodsmall%2Ff10a0c8564fe.jpg&amp;w=640&amp;q=75" decoding="async" data-nimg="intrinsic" class="style_card_img__RJxGM" style="position: absolute; inset: 0px; box-sizing: border-box; padding: 0px; border: none; margin: auto; display: block; width: 0px; height: 0px; min-width: 100%; max-width: 100%; min-height: 100%; max-height: 100%;" srcset="/_next/image?url=https%3A%2F%2Fimg.crofarm.com%2Fimages%2Fprodsmall%2Ff10a0c8564fe.jpg&amp;w=256&amp;q=75 1x, /_next/image?url=https%3A%2F%2Fimg.crofarm.com%2Fimages%2Fprodsmall%2Ff10a0c8564fe.jpg&amp;w=640&amp;q=75 2x"></span><div class="style_card_info__xGm58"><h3 class="style_prod_name__QllSp">Sprouts - Lobia</h3><h6 class="style_prod_price__4TltC"><span class="style_striked_price__4ghn5">₹38.4</span><span class="style_selling_price__GaIsF">&nbsp;₹28.4/Pack</span> </h6><div class="style_cta__2QWKl"><div><p class="style_final_price__FERLK">₹28.4&nbsp;&nbsp;<span class="style_prod_qt__cXcqe">150 g</span></p></div><div><span class="style_btn__0_x3D">Add</span></div></div></div></div></div><div class="style_card__v4i84    }"><div class="style_card_details__qi0G9"><span style="box-sizing: border-box; display: inline-block; overflow: hidden; width: initial; height: initial; background: none; opacity: 1; border: 0px; margin: 0px; padding: 0px; position: relative; max-width: 100%;"><span style="box-sizing: border-box; display: block; width: initial; height: initial; background: none; opacity: 1; border: 0px; margin: 0px; padding: 0px; max-width: 100%;"><img alt="" aria-hidden="true" src="data:image/svg+xml,%3csvg%20xmlns=%27http://www.w3.org/2000/svg%27%20version=%271.1%27%20width=%27200%27%20height=%27185%27/%3e" style="display: block; max-width: 100%; width: initial; height: initial; background: none; opacity: 1; border: 0px; margin: 0px; padding: 0px;"></span><img alt="Sprouts - Methi image" src="/_next/image?url=https%3A%2F%2Fimg.crofarm.com%2Fimages%2Fprodsmall%2Ff06c81404c26.jpg&amp;w=640&amp;q=75" decoding="async" data-nimg="intrinsic" class="style_card_img__RJxGM" style="position: absolute; inset: 0px; box-sizing: border-box; padding: 0px; border: none; margin: auto; display: block; width: 0px; height: 0px; min-width: 100%; max-width: 100%; min-height: 100%; max-height: 100%;" srcset="/_next/image?url=https%3A%2F%2Fimg.crofarm.com%2Fimages%2Fprodsmall%2Ff06c81404c26.jpg&amp;w=256&amp;q=75 1x, /_next/image?url=https%3A%2F%2Fimg.crofarm.com%2Fimages%2Fprodsmall%2Ff06c81404c26.jpg&amp;w=640&amp;q=75 2x"></span><div class="style_card_info__xGm58"><h3 class="style_prod_name__QllSp">Sprouts - Methi</h3><h6 class="style_prod_price__4TltC"><span class="style_striked_price__4ghn5">₹39.5</span><span class="style_selling_price__GaIsF">&nbsp;₹29.5/Pack</span> </h6><div class="style_cta__2QWKl"><div><p class="style_final_price__FERLK">₹29.5&nbsp;&nbsp;<span class="style_prod_qt__cXcqe">150 g</span></p></div><div><span class="style_btn__0_x3D">Add</span></div></div></div></div></div><div class="style_card__v4i84    }"><div class="style_card_details__qi0G9"><span style="box-sizing: border-box; display: inline-block; overflow: hidden; width: initial; height: initial; background: none; opacity: 1; border: 0px; margin: 0px; padding: 0px; position: relative; max-width: 100%;"><span style="box-sizing: border-box; display: block; width: initial; height: initial; background: none; opacity: 1; border: 0px; margin: 0px; padding: 0px; max-width: 100%;"><img alt="" aria-hidden="true" src="data:image/svg+xml,%3csvg%20xmlns=%27http://www.w3.org/2000/svg%27%20version=%271.1%27%20width=%27200%27%20height=%27185%27/%3e" style="display: block; max-width: 100%; width: initial; height: initial; background: none; opacity: 1; border: 0px; margin: 0px; padding: 0px;"></span><img alt="Sprouts - Mix image" src="/_next/image?url=https%3A%2F%2Fimg.crofarm.com%2Fimages%2Fprodsmall%2F1162_1711968715.9946225_pdp.webp&amp;w=640&amp;q=75" decoding="async" data-nimg="intrinsic" class="style_card_img__RJxGM" style="position: absolute; inset: 0px; box-sizing: border-box; padding: 0px; border: none; margin: auto; display: block; width: 0px; height: 0px; min-width: 100%; max-width: 100%; min-height: 100%; max-height: 100%;" srcset="/_next/image?url=https%3A%2F%2Fimg.crofarm.com%2Fimages%2Fprodsmall%2F1162_1711968715.9946225_pdp.webp&amp;w=256&amp;q=75 1x, /_next/image?url=https%3A%2F%2Fimg.crofarm.com%2Fimages%2Fprodsmall%2F1162_1711968715.9946225_pdp.webp&amp;w=640&amp;q=75 2x"></span><div class="style_card_info__xGm58"><h3 class="style_prod_name__QllSp">Sprouts - Mix</h3><h6 class="style_prod_price__4TltC"><span class="style_striked_price__4ghn5">₹38.4</span><span class="style_selling_price__GaIsF">&nbsp;₹28.4/Pack</span> </h6><div class="style_cta__2QWKl"><div><p class="style_final_price__FERLK">₹28.4&nbsp;&nbsp;<span class="style_prod_qt__cXcqe">150 g</span></p></div><div><span class="style_btn__0_x3D">Add</span></div></div></div></div></div><div class="style_card__v4i84    }"><div class="style_card_details__qi0G9"><span style="box-sizing: border-box; display: inline-block; overflow: hidden; width: initial; height: initial; background: none; opacity: 1; border: 0px; margin: 0px; padding: 0px; position: relative; max-width: 100%;"><span style="box-sizing: border-box; display: block; width: initial; height: initial; background: none; opacity: 1; border: 0px; margin: 0px; padding: 0px; max-width: 100%;"><img alt="" aria-hidden="true" src="data:image/svg+xml,%3csvg%20xmlns=%27http://www.w3.org/2000/svg%27%20version=%271.1%27%20width=%27200%27%20height=%27185%27/%3e" style="display: block; max-width: 100%; width: initial; height: initial; background: none; opacity: 1; border: 0px; margin: 0px; padding: 0px;"></span><img alt="Sprouts - Moong image" src="/_next/image?url=https%3A%2F%2Fimg.crofarm.com%2Fimages%2Fprodsmall%2F1155_1711968780.9334261_pdp.webp&amp;w=640&amp;q=75" decoding="async" data-nimg="intrinsic" class="style_card_img__RJxGM" style="position: absolute; inset: 0px; box-sizing: border-box; padding: 0px; border: none; margin: auto; display: block; width: 0px; height: 0px; min-width: 100%; max-width: 100%; min-height: 100%; max-height: 100%;" srcset="/_next/image?url=https%3A%2F%2Fimg.crofarm.com%2Fimages%2Fprodsmall%2F1155_1711968780.9334261_pdp.webp&amp;w=256&amp;q=75 1x, /_next/image?url=https%3A%2F%2Fimg.crofarm.com%2Fimages%2Fprodsmall%2F1155_1711968780.9334261_pdp.webp&amp;w=640&amp;q=75 2x"></span><div class="style_card_info__xGm58"><h3 class="style_prod_name__QllSp">Sprouts - Moong</h3><h6 class="style_prod_price__4TltC"><span class="style_striked_price__4ghn5">₹38.4</span><span class="style_selling_price__GaIsF">&nbsp;₹28.4/Pack</span> </h6><div class="style_cta__2QWKl"><div><p class="style_final_price__FERLK">₹28.4&nbsp;&nbsp;<span class="style_prod_qt__cXcqe">150 g</span></p></div><div><span class="style_btn__0_x3D">Add</span></div></div></div></div></div><div class="style_card__v4i84    }"><div class="style_card_details__qi0G9"><span style="box-sizing: border-box; display: inline-block; overflow: hidden; width: initial; height: initial; background: none; opacity: 1; border: 0px; margin: 0px; padding: 0px; position: relative; max-width: 100%;"><span style="box-sizing: border-box; display: block; width: initial; height: initial; background: none; opacity: 1; border: 0px; margin: 0px; padding: 0px; max-width: 100%;"><img alt="" aria-hidden="true" src="data:image/svg+xml,%3csvg%20xmlns=%27http://www.w3.org/2000/svg%27%20version=%271.1%27%20width=%27200%27%20height=%27185%27/%3e" style="display: block; max-width: 100%; width: initial; height: initial; background: none; opacity: 1; border: 0px; margin: 0px; padding: 0px;"></span><img alt="Sprouts - Wheat image" src="/_next/image?url=https%3A%2F%2Fimg.crofarm.com%2Fimages%2Fprodsmall%2Ff10a11db4b49.jpg&amp;w=640&amp;q=75" decoding="async" data-nimg="intrinsic" class="style_card_img__RJxGM" style="position: absolute; inset: 0px; box-sizing: border-box; padding: 0px; border: none; margin: auto; display: block; width: 0px; height: 0px; min-width: 100%; max-width: 100%; min-height: 100%; max-height: 100%;" srcset="/_next/image?url=https%3A%2F%2Fimg.crofarm.com%2Fimages%2Fprodsmall%2Ff10a11db4b49.jpg&amp;w=256&amp;q=75 1x, /_next/image?url=https%3A%2F%2Fimg.crofarm.com%2Fimages%2Fprodsmall%2Ff10a11db4b49.jpg&amp;w=640&amp;q=75 2x"></span><div class="style_card_info__xGm58"><h3 class="style_prod_name__QllSp">Sprouts - Wheat</h3><h6 class="style_prod_price__4TltC"><span class="style_striked_price__4ghn5">₹38.4</span><span class="style_selling_price__GaIsF">&nbsp;₹28.4/Pack</span> </h6><div class="style_cta__2QWKl"><div><p class="style_final_price__FERLK">₹28.4&nbsp;&nbsp;<span class="style_prod_qt__cXcqe">100 g</span></p></div><div><span class="style_btn__0_x3D">Add</span></div></div></div></div></div><div class="style_card__v4i84    }"><div class="style_card_details__qi0G9"><span style="box-sizing: border-box; display: inline-block; overflow: hidden; width: initial; height: initial; background: none; opacity: 1; border: 0px; margin: 0px; padding: 0px; position: relative; max-width: 100%;"><span style="box-sizing: border-box; display: block; width: initial; height: initial; background: none; opacity: 1; border: 0px; margin: 0px; padding: 0px; max-width: 100%;"><img alt="" aria-hidden="true" src="data:image/svg+xml,%3csvg%20xmlns=%27http://www.w3.org/2000/svg%27%20version=%271.1%27%20width=%27200%27%20height=%27185%27/%3e" style="display: block; max-width: 100%; width: initial; height: initial; background: none; opacity: 1; border: 0px; margin: 0px; padding: 0px;"></span><img alt="Garlic - Single Clove image" src="/_next/image?url=https%3A%2F%2Fimg.crofarm.com%2Fimages%2Fprodsmall%2Ff3baa4e801aa.jpg&amp;w=640&amp;q=75" decoding="async" data-nimg="intrinsic" class="style_card_img__RJxGM" style="position: absolute; inset: 0px; box-sizing: border-box; padding: 0px; border: none; margin: auto; display: block; width: 0px; height: 0px; min-width: 100%; max-width: 100%; min-height: 100%; max-height: 100%;" srcset="/_next/image?url=https%3A%2F%2Fimg.crofarm.com%2Fimages%2Fprodsmall%2Ff3baa4e801aa.jpg&amp;w=256&amp;q=75 1x, /_next/image?url=https%3A%2F%2Fimg.crofarm.com%2Fimages%2Fprodsmall%2Ff3baa4e801aa.jpg&amp;w=640&amp;q=75 2x"></span><div class="style_card_info__xGm58"><h3 class="style_prod_name__QllSp">Garlic - Single Clove</h3><h6 class="style_prod_price__4TltC"><span class="style_striked_price__4ghn5">₹59.5</span><span class="style_selling_price__GaIsF">&nbsp;₹49.5/Pack</span> </h6><div class="style_cta__2QWKl"><div><p class="style_final_price__FERLK">₹49.5&nbsp;&nbsp;<span class="style_prod_qt__cXcqe">100 g</span></p></div><div><span class="style_btn__0_x3D">Add</span></div></div></div></div></div><div class="style_card__v4i84    }"><div class="style_card_details__qi0G9"><span style="box-sizing: border-box; display: inline-block; overflow: hidden; width: initial; height: initial; background: none; opacity: 1; border: 0px; margin: 0px; padding: 0px; position: relative; max-width: 100%;"><span style="box-sizing: border-box; display: block; width: initial; height: initial; background: none; opacity: 1; border: 0px; margin: 0px; padding: 0px; max-width: 100%;"><img alt="" aria-hidden="true" src="data:image/svg+xml,%3csvg%20xmlns=%27http://www.w3.org/2000/svg%27%20version=%271.1%27%20width=%27200%27%20height=%27185%27/%3e" style="display: block; max-width: 100%; width: initial; height: initial; background: none; opacity: 1; border: 0px; margin: 0px; padding: 0px;"></span><img alt="Sprouts - Moth image" src="/_next/image?url=https%3A%2F%2Fimg.crofarm.com%2Fimages%2Fprodsmall%2Ff06c837837cb.jpg&amp;w=640&amp;q=75" decoding="async" data-nimg="intrinsic" class="style_card_img__RJxGM" style="position: absolute; inset: 0px; box-sizing: border-box; padding: 0px; border: none; margin: auto; display: block; width: 0px; height: 0px; min-width: 100%; max-width: 100%; min-height: 100%; max-height: 100%;" srcset="/_next/image?url=https%3A%2F%2Fimg.crofarm.com%2Fimages%2Fprodsmall%2Ff06c837837cb.jpg&amp;w=256&amp;q=75 1x, /_next/image?url=https%3A%2F%2Fimg.crofarm.com%2Fimages%2Fprodsmall%2Ff06c837837cb.jpg&amp;w=640&amp;q=75 2x"></span><div class="style_card_info__xGm58"><h3 class="style_prod_name__QllSp">Sprouts - Moth</h3><h6 class="style_prod_price__4TltC"><span class="style_striked_price__4ghn5">₹38.4</span><span class="style_selling_price__GaIsF">&nbsp;₹28.4/Pack</span> </h6><div class="style_cta__2QWKl"><div><p class="style_final_price__FERLK">₹28.4&nbsp;&nbsp;<span class="style_prod_qt__cXcqe">150 g</span></p></div><div><span class="style_btn__0_x3D">Add</span></div></div></div></div></div><div class="style_card__v4i84    }"><div class="style_card_details__qi0G9"><span style="box-sizing: border-box; display: inline-block; overflow: hidden; width: initial; height: initial; background: none; opacity: 1; border: 0px; margin: 0px; padding: 0px; position: relative; max-width: 100%;"><span style="box-sizing: border-box; display: block; width: initial; height: initial; background: none; opacity: 1; border: 0px; margin: 0px; padding: 0px; max-width: 100%;"><img alt="" aria-hidden="true" src="data:image/svg+xml,%3csvg%20xmlns=%27http://www.w3.org/2000/svg%27%20version=%271.1%27%20width=%27200%27%20height=%27185%27/%3e" style="display: block; max-width: 100%; width: initial; height: initial; background: none; opacity: 1; border: 0px; margin: 0px; padding: 0px;"></span><img alt="Brinjal - Long (Purple Baingan) image" src="/_next/image?url=https%3A%2F%2Fimg.crofarm.com%2Fimages%2Fprodsmall%2Ff0fa83a0fd9a.jpg&amp;w=640&amp;q=75" decoding="async" data-nimg="intrinsic" class="style_card_img__RJxGM" style="position: absolute; inset: 0px; box-sizing: border-box; padding: 0px; border: none; margin: auto; display: block; width: 0px; height: 0px; min-width: 100%; max-width: 100%; min-height: 100%; max-height: 100%;" srcset="/_next/image?url=https%3A%2F%2Fimg.crofarm.com%2Fimages%2Fprodsmall%2Ff0fa83a0fd9a.jpg&amp;w=256&amp;q=75 1x, /_next/image?url=https%3A%2F%2Fimg.crofarm.com%2Fimages%2Fprodsmall%2Ff0fa83a0fd9a.jpg&amp;w=640&amp;q=75 2x"></span><div class="style_card_info__xGm58"><h3 class="style_prod_name__QllSp">Brinjal - Long (Purple Baingan)</h3><h6 class="style_prod_price__4TltC"><span class="style_striked_price__4ghn5">₹85</span><span class="style_selling_price__GaIsF">&nbsp;₹65/kg</span> </h6><div class="style_cta__2QWKl"><div><p class="style_final_price__FERLK">₹32.5&nbsp;&nbsp;<span class="style_prod_qt__cXcqe">500 g</span></p></div><div><span class="style_btn__0_x3D">Add</span></div></div></div></div></div><div class="style_card__v4i84    }"><div class="style_card_details__qi0G9"><span style="box-sizing: border-box; display: inline-block; overflow: hidden; width: initial; height: initial; background: none; opacity: 1; border: 0px; margin: 0px; padding: 0px; position: relative; max-width: 100%;"><span style="box-sizing: border-box; display: block; width: initial; height: initial; background: none; opacity: 1; border: 0px; margin: 0px; padding: 0px; max-width: 100%;"><img alt="" aria-hidden="true" src="data:image/svg+xml,%3csvg%20xmlns=%27http://www.w3.org/2000/svg%27%20version=%271.1%27%20width=%27200%27%20height=%27185%27/%3e" style="display: block; max-width: 100%; width: initial; height: initial; background: none; opacity: 1; border: 0px; margin: 0px; padding: 0px;"></span><img alt="Hydroponic Leafy Salad (Seeds Dressing) image" src="/_next/image?url=https%3A%2F%2Fimg.crofarm.com%2Fimages%2Fprodsmall%2Ff0f3cdac3799.jpg&amp;w=640&amp;q=75" decoding="async" data-nimg="intrinsic" class="style_card_img__RJxGM" style="position: absolute; inset: 0px; box-sizing: border-box; padding: 0px; border: none; margin: auto; display: block; width: 0px; height: 0px; min-width: 100%; max-width: 100%; min-height: 100%; max-height: 100%;" srcset="/_next/image?url=https%3A%2F%2Fimg.crofarm.com%2Fimages%2Fprodsmall%2Ff0f3cdac3799.jpg&amp;w=256&amp;q=75 1x, /_next/image?url=https%3A%2F%2Fimg.crofarm.com%2Fimages%2Fprodsmall%2Ff0f3cdac3799.jpg&amp;w=640&amp;q=75 2x"></span><div class="style_card_info__xGm58"><h3 class="style_prod_name__QllSp">Hydroponic Leafy Salad (Seeds Dressing)</h3><h6 class="style_prod_price__4TltC"><span class="style_striked_price__4ghn5">₹130.4</span><span class="style_selling_price__GaIsF">&nbsp;₹115.4/Pack</span> </h6><div class="style_cta__2QWKl"><div><p class="style_final_price__FERLK">₹115.4&nbsp;&nbsp;<span class="style_prod_qt__cXcqe">1 Pack</span></p></div><div><span class="style_btn__0_x3D">Add</span></div></div></div></div></div><div class="style_card__v4i84    }"><div class="style_card_details__qi0G9"><span style="box-sizing: border-box; display: inline-block; overflow: hidden; width: initial; height: initial; background: none; opacity: 1; border: 0px; margin: 0px; padding: 0px; position: relative; max-width: 100%;"><span style="box-sizing: border-box; display: block; width: initial; height: initial; background: none; opacity: 1; border: 0px; margin: 0px; padding: 0px; max-width: 100%;"><img alt="" aria-hidden="true" src="data:image/svg+xml,%3csvg%20xmlns=%27http://www.w3.org/2000/svg%27%20version=%271.1%27%20width=%27200%27%20height=%27185%27/%3e" style="display: block; max-width: 100%; width: initial; height: initial; background: none; opacity: 1; border: 0px; margin: 0px; padding: 0px;"></span><img alt="Organic Brinjal - Round (Baingan) image" src="/_next/image?url=https%3A%2F%2Fimg.crofarm.com%2Fimages%2Fprodsmall%2F1149_1715236978.224039_pdp.webp&amp;w=640&amp;q=75" decoding="async" data-nimg="intrinsic" class="style_card_img__RJxGM" style="position: absolute; inset: 0px; box-sizing: border-box; padding: 0px; border: none; margin: auto; display: block; width: 0px; height: 0px; min-width: 100%; max-width: 100%; min-height: 100%; max-height: 100%;" srcset="/_next/image?url=https%3A%2F%2Fimg.crofarm.com%2Fimages%2Fprodsmall%2F1149_1715236978.224039_pdp.webp&amp;w=256&amp;q=75 1x, /_next/image?url=https%3A%2F%2Fimg.crofarm.com%2Fimages%2Fprodsmall%2F1149_1715236978.224039_pdp.webp&amp;w=640&amp;q=75 2x"></span><div class="style_card_info__xGm58"><h3 class="style_prod_name__QllSp">Organic Brinjal - Round (Baingan)</h3><h6 class="style_prod_price__4TltC"><span class="style_striked_price__4ghn5">₹106.9</span><span class="style_selling_price__GaIsF">&nbsp;₹91.5/kg</span> </h6><div class="style_cta__2QWKl"><div><p class="style_final_price__FERLK">₹59.5&nbsp;&nbsp;<span class="style_prod_qt__cXcqe">650 g</span></p></div><div><span class="style_btn__0_x3D">Add</span></div></div></div></div></div><div class="style_card__v4i84    }"><div class="style_card_details__qi0G9"><span style="box-sizing: border-box; display: inline-block; overflow: hidden; width: initial; height: initial; background: none; opacity: 1; border: 0px; margin: 0px; padding: 0px; position: relative; max-width: 100%;"><span style="box-sizing: border-box; display: block; width: initial; height: initial; background: none; opacity: 1; border: 0px; margin: 0px; padding: 0px; max-width: 100%;"><img alt="" aria-hidden="true" src="data:image/svg+xml,%3csvg%20xmlns=%27http://www.w3.org/2000/svg%27%20version=%271.1%27%20width=%27200%27%20height=%27185%27/%3e" style="display: block; max-width: 100%; width: initial; height: initial; background: none; opacity: 1; border: 0px; margin: 0px; padding: 0px;"></span><img alt="Organic Bhindi (Okra) image" src="/_next/image?url=https%3A%2F%2Fimg.crofarm.com%2Fimages%2Fprodsmall%2F1141_1715236973.8847692_pdp.webp&amp;w=640&amp;q=75" decoding="async" data-nimg="intrinsic" class="style_card_img__RJxGM" style="position: absolute; inset: 0px; box-sizing: border-box; padding: 0px; border: none; margin: auto; display: block; width: 0px; height: 0px; min-width: 100%; max-width: 100%; min-height: 100%; max-height: 100%;" srcset="/_next/image?url=https%3A%2F%2Fimg.crofarm.com%2Fimages%2Fprodsmall%2F1141_1715236973.8847692_pdp.webp&amp;w=256&amp;q=75 1x, /_next/image?url=https%3A%2F%2Fimg.crofarm.com%2Fimages%2Fprodsmall%2F1141_1715236973.8847692_pdp.webp&amp;w=640&amp;q=75 2x"></span><div class="style_card_info__xGm58"><h3 class="style_prod_name__QllSp">Organic Bhindi (Okra)</h3><h6 class="style_prod_price__4TltC"><span class="style_striked_price__4ghn5">₹118.8</span><span class="style_selling_price__GaIsF">&nbsp;₹93.8/kg</span> </h6><div class="style_cta__2QWKl"><div><p class="style_final_price__FERLK">₹37.5&nbsp;&nbsp;<span class="style_prod_qt__cXcqe">400 g</span></p></div><div><span class="style_btn__0_x3D">Add</span></div></div></div></div></div><div class="style_card__v4i84    }"><div class="style_card_details__qi0G9"><span style="box-sizing: border-box; display: inline-block; overflow: hidden; width: initial; height: initial; background: none; opacity: 1; border: 0px; margin: 0px; padding: 0px; position: relative; max-width: 100%;"><span style="box-sizing: border-box; display: block; width: initial; height: initial; background: none; opacity: 1; border: 0px; margin: 0px; padding: 0px; max-width: 100%;"><img alt="" aria-hidden="true" src="data:image/svg+xml,%3csvg%20xmlns=%27http://www.w3.org/2000/svg%27%20version=%271.1%27%20width=%27200%27%20height=%27185%27/%3e" style="display: block; max-width: 100%; width: initial; height: initial; background: none; opacity: 1; border: 0px; margin: 0px; padding: 0px;"></span><img alt="Ameranthus Microgreens image" src="/_next/image?url=https%3A%2F%2Fimg.crofarm.com%2Fimages%2Fprodsmall%2F2661_1711968746.272039_pdp.webp&amp;w=640&amp;q=75" decoding="async" data-nimg="intrinsic" class="style_card_img__RJxGM" style="position: absolute; inset: 0px; box-sizing: border-box; padding: 0px; border: none; margin: auto; display: block; width: 0px; height: 0px; min-width: 100%; max-width: 100%; min-height: 100%; max-height: 100%;" srcset="/_next/image?url=https%3A%2F%2Fimg.crofarm.com%2Fimages%2Fprodsmall%2F2661_1711968746.272039_pdp.webp&amp;w=256&amp;q=75 1x, /_next/image?url=https%3A%2F%2Fimg.crofarm.com%2Fimages%2Fprodsmall%2F2661_1711968746.272039_pdp.webp&amp;w=640&amp;q=75 2x"></span><div class="style_card_info__xGm58"><h3 class="style_prod_name__QllSp">Ameranthus Microgreens</h3><h6 class="style_prod_price__4TltC"><span class="style_striked_price__4ghn5">₹124.4</span><span class="style_selling_price__GaIsF">&nbsp;₹109.4/Pack</span> </h6><div class="style_cta__2QWKl"><div><p class="style_final_price__FERLK">₹109.4&nbsp;&nbsp;<span class="style_prod_qt__cXcqe">250 g</span></p></div><div><span class="style_btn__0_x3D">Add</span></div></div></div></div></div><div class="style_card__v4i84    }"><div class="style_card_details__qi0G9"><span style="box-sizing: border-box; display: inline-block; overflow: hidden; width: initial; height: initial; background: none; opacity: 1; border: 0px; margin: 0px; padding: 0px; position: relative; max-width: 100%;"><span style="box-sizing: border-box; display: block; width: initial; height: initial; background: none; opacity: 1; border: 0px; margin: 0px; padding: 0px; max-width: 100%;"><img alt="" aria-hidden="true" src="data:image/svg+xml,%3csvg%20xmlns=%27http://www.w3.org/2000/svg%27%20version=%271.1%27%20width=%27200%27%20height=%27185%27/%3e" style="display: block; max-width: 100%; width: initial; height: initial; background: none; opacity: 1; border: 0px; margin: 0px; padding: 0px;"></span><img alt="Hydroponic Capsicum - Green (Shimla Mirch) image" src="/_next/image?url=https%3A%2F%2Fimg.crofarm.com%2Fimages%2Fprodsmall%2F3345_1711968787.0519211_pdp.webp&amp;w=640&amp;q=75" decoding="async" data-nimg="intrinsic" class="style_card_img__RJxGM" style="position: absolute; inset: 0px; box-sizing: border-box; padding: 0px; border: none; margin: auto; display: block; width: 0px; height: 0px; min-width: 100%; max-width: 100%; min-height: 100%; max-height: 100%;" srcset="/_next/image?url=https%3A%2F%2Fimg.crofarm.com%2Fimages%2Fprodsmall%2F3345_1711968787.0519211_pdp.webp&amp;w=256&amp;q=75 1x, /_next/image?url=https%3A%2F%2Fimg.crofarm.com%2Fimages%2Fprodsmall%2F3345_1711968787.0519211_pdp.webp&amp;w=640&amp;q=75 2x"></span><div class="style_card_info__xGm58"><h3 class="style_prod_name__QllSp">Hydroponic Capsicum - Green (Shimla Mirch)</h3><h6 class="style_prod_price__4TltC"><span class="style_striked_price__4ghn5">₹342</span><span class="style_selling_price__GaIsF">&nbsp;₹302/kg</span> </h6><div class="style_cta__2QWKl"><div><p class="style_final_price__FERLK">₹75.5&nbsp;&nbsp;<span class="style_prod_qt__cXcqe">1 Pack</span></p></div><div><span class="style_btn__0_x3D">Add</span></div></div></div></div></div><div class="style_card__v4i84    }"><div class="style_card_details__qi0G9"><span style="box-sizing: border-box; display: inline-block; overflow: hidden; width: initial; height: initial; background: none; opacity: 1; border: 0px; margin: 0px; padding: 0px; position: relative; max-width: 100%;"><span style="box-sizing: border-box; display: block; width: initial; height: initial; background: none; opacity: 1; border: 0px; margin: 0px; padding: 0px; max-width: 100%;"><img alt="" aria-hidden="true" src="data:image/svg+xml,%3csvg%20xmlns=%27http://www.w3.org/2000/svg%27%20version=%271.1%27%20width=%27200%27%20height=%27185%27/%3e" style="display: block; max-width: 100%; width: initial; height: initial; background: none; opacity: 1; border: 0px; margin: 0px; padding: 0px;"></span><img alt="Ash Gourd (Safed Petha) image" src="/_next/image?url=https%3A%2F%2Fimg.crofarm.com%2Fimages%2Fprodsmall%2Fedc6e1c765d2.jpg&amp;w=640&amp;q=75" decoding="async" data-nimg="intrinsic" class="style_card_img__RJxGM" style="position: absolute; inset: 0px; box-sizing: border-box; padding: 0px; border: none; margin: auto; display: block; width: 0px; height: 0px; min-width: 100%; max-width: 100%; min-height: 100%; max-height: 100%;" srcset="/_next/image?url=https%3A%2F%2Fimg.crofarm.com%2Fimages%2Fprodsmall%2Fedc6e1c765d2.jpg&amp;w=256&amp;q=75 1x, /_next/image?url=https%3A%2F%2Fimg.crofarm.com%2Fimages%2Fprodsmall%2Fedc6e1c765d2.jpg&amp;w=640&amp;q=75 2x"></span><div class="style_card_info__xGm58"><h3 class="style_prod_name__QllSp">Ash Gourd (Safed Petha)</h3><h6 class="style_prod_price__4TltC"><span class="style_striked_price__4ghn5">₹60.2</span><span class="style_selling_price__GaIsF">&nbsp;₹50.2/kg</span> </h6><div class="style_cta__2QWKl"><div><p class="style_final_price__FERLK">₹125.5&nbsp;&nbsp;<span class="style_prod_qt__cXcqe">2.5 kg</span></p></div><div><span class="style_btn__0_x3D">Add</span></div></div></div></div></div><div class="style_card__v4i84    }"><div class="style_card_details__qi0G9"><span style="box-sizing: border-box; display: inline-block; overflow: hidden; width: initial; height: initial; background: none; opacity: 1; border: 0px; margin: 0px; padding: 0px; position: relative; max-width: 100%;"><span style="box-sizing: border-box; display: block; width: initial; height: initial; background: none; opacity: 1; border: 0px; margin: 0px; padding: 0px; max-width: 100%;"><img alt="" aria-hidden="true" src="data:image/svg+xml,%3csvg%20xmlns=%27http://www.w3.org/2000/svg%27%20version=%271.1%27%20width=%27200%27%20height=%27185%27/%3e" style="display: block; max-width: 100%; width: initial; height: initial; background: none; opacity: 1; border: 0px; margin: 0px; padding: 0px;"></span><img alt="Organic Arbi (Colocasia) image" src="/_next/image?url=https%3A%2F%2Fimg.crofarm.com%2Fimages%2Fprodsmall%2F2305_1715236979.87946_pdp.webp&amp;w=640&amp;q=75" decoding="async" data-nimg="intrinsic" class="style_card_img__RJxGM" style="position: absolute; inset: 0px; box-sizing: border-box; padding: 0px; border: none; margin: auto; display: block; width: 0px; height: 0px; min-width: 100%; max-width: 100%; min-height: 100%; max-height: 100%;" srcset="/_next/image?url=https%3A%2F%2Fimg.crofarm.com%2Fimages%2Fprodsmall%2F2305_1715236979.87946_pdp.webp&amp;w=256&amp;q=75 1x, /_next/image?url=https%3A%2F%2Fimg.crofarm.com%2Fimages%2Fprodsmall%2F2305_1715236979.87946_pdp.webp&amp;w=640&amp;q=75 2x"></span><div class="style_card_info__xGm58"><h3 class="style_prod_name__QllSp">Organic Arbi (Colocasia)</h3><h6 class="style_prod_price__4TltC"><span class="style_striked_price__4ghn5">₹167.5</span><span class="style_selling_price__GaIsF">&nbsp;₹150.8/kg</span> </h6><div class="style_cta__2QWKl"><div><p class="style_final_price__FERLK">₹90.5&nbsp;&nbsp;<span class="style_prod_qt__cXcqe">600 g</span></p></div><div><span class="style_btn__0_x3D">Add</span></div></div></div></div></div><div class="style_card__v4i84    }"><div class="style_card_details__qi0G9"><span style="box-sizing: border-box; display: inline-block; overflow: hidden; width: initial; height: initial; background: none; opacity: 1; border: 0px; margin: 0px; padding: 0px; position: relative; max-width: 100%;"><span style="box-sizing: border-box; display: block; width: initial; height: initial; background: none; opacity: 1; border: 0px; margin: 0px; padding: 0px; max-width: 100%;"><img alt="" aria-hidden="true" src="data:image/svg+xml,%3csvg%20xmlns=%27http://www.w3.org/2000/svg%27%20version=%271.1%27%20width=%27200%27%20height=%27185%27/%3e" style="display: block; max-width: 100%; width: initial; height: initial; background: none; opacity: 1; border: 0px; margin: 0px; padding: 0px;"></span><img alt="Organic Ash Gourd (Safed Petha) image" src="/_next/image?url=https%3A%2F%2Fimg.crofarm.com%2Fimages%2Fprodsmall%2F10966_1715236968.5778286_pdp.webp&amp;w=640&amp;q=75" decoding="async" data-nimg="intrinsic" class="style_card_img__RJxGM" style="position: absolute; inset: 0px; box-sizing: border-box; padding: 0px; border: none; margin: auto; display: block; width: 0px; height: 0px; min-width: 100%; max-width: 100%; min-height: 100%; max-height: 100%;" srcset="/_next/image?url=https%3A%2F%2Fimg.crofarm.com%2Fimages%2Fprodsmall%2F10966_1715236968.5778286_pdp.webp&amp;w=256&amp;q=75 1x, /_next/image?url=https%3A%2F%2Fimg.crofarm.com%2Fimages%2Fprodsmall%2F10966_1715236968.5778286_pdp.webp&amp;w=640&amp;q=75 2x"></span><div class="style_card_info__xGm58"><h3 class="style_prod_name__QllSp">Organic Ash Gourd (Safed Petha)</h3><h6 class="style_prod_price__4TltC"><span class="style_striked_price__4ghn5">₹195.5</span><span class="style_selling_price__GaIsF">&nbsp;₹180.5/pc</span> </h6><div class="style_cta__2QWKl"><div><p class="style_final_price__FERLK">₹180.5&nbsp;&nbsp;<span class="style_prod_qt__cXcqe">2.5 kg</span></p></div><div><span class="style_btn__0_x3D">Add</span></div></div></div></div></div><div class="style_card__v4i84    }"><div class="style_card_details__qi0G9"><span style="box-sizing: border-box; display: inline-block; overflow: hidden; width: initial; height: initial; background: none; opacity: 1; border: 0px; margin: 0px; padding: 0px; position: relative; max-width: 100%;"><span style="box-sizing: border-box; display: block; width: initial; height: initial; background: none; opacity: 1; border: 0px; margin: 0px; padding: 0px; max-width: 100%;"><img alt="" aria-hidden="true" src="data:image/svg+xml,%3csvg%20xmlns=%27http://www.w3.org/2000/svg%27%20version=%271.1%27%20width=%27200%27%20height=%27185%27/%3e" style="display: block; max-width: 100%; width: initial; height: initial; background: none; opacity: 1; border: 0px; margin: 0px; padding: 0px;"></span><img alt="Asparagus (Shatavari) image" src="/_next/image?url=https%3A%2F%2Fimg.crofarm.com%2Fimages%2Fprodsmall%2F3767_1711968856.0146663_pdp.webp&amp;w=640&amp;q=75" decoding="async" data-nimg="intrinsic" class="style_card_img__RJxGM" style="position: absolute; inset: 0px; box-sizing: border-box; padding: 0px; border: none; margin: auto; display: block; width: 0px; height: 0px; min-width: 100%; max-width: 100%; min-height: 100%; max-height: 100%;" srcset="/_next/image?url=https%3A%2F%2Fimg.crofarm.com%2Fimages%2Fprodsmall%2F3767_1711968856.0146663_pdp.webp&amp;w=256&amp;q=75 1x, /_next/image?url=https%3A%2F%2Fimg.crofarm.com%2Fimages%2Fprodsmall%2F3767_1711968856.0146663_pdp.webp&amp;w=640&amp;q=75 2x"></span><div class="style_card_info__xGm58"><h3 class="style_prod_name__QllSp">Asparagus (Shatavari)</h3><h6 class="style_prod_price__4TltC"><span class="style_striked_price__4ghn5">₹115.5</span><span class="style_selling_price__GaIsF">&nbsp;₹100.5/kg</span> </h6><div class="style_cta__2QWKl"><div><p class="style_final_price__FERLK">₹100.5&nbsp;&nbsp;<span class="style_prod_qt__cXcqe">100 g</span></p></div><div><span class="style_btn__0_x3D">Add</span></div></div></div></div></div><div class="style_card__v4i84    }"><div class="style_card_details__qi0G9"><span style="box-sizing: border-box; display: inline-block; overflow: hidden; width: initial; height: initial; background: none; opacity: 1; border: 0px; margin: 0px; padding: 0px; position: relative; max-width: 100%;"><span style="box-sizing: border-box; display: block; width: initial; height: initial; background: none; opacity: 1; border: 0px; margin: 0px; padding: 0px; max-width: 100%;"><img alt="" aria-hidden="true" src="data:image/svg+xml,%3csvg%20xmlns=%27http://www.w3.org/2000/svg%27%20version=%271.1%27%20width=%27200%27%20height=%27185%27/%3e" style="display: block; max-width: 100%; width: initial; height: initial; background: none; opacity: 1; border: 0px; margin: 0px; padding: 0px;"></span><img alt="Baby Corn image" src="/_next/image?url=https%3A%2F%2Fimg.crofarm.com%2Fimages%2Fprodsmall%2F809_1711968813.3751767_pdp.webp&amp;w=640&amp;q=75" decoding="async" data-nimg="intrinsic" class="style_card_img__RJxGM" style="position: absolute; inset: 0px; box-sizing: border-box; padding: 0px; border: none; margin: auto; display: block; width: 0px; height: 0px; min-width: 100%; max-width: 100%; min-height: 100%; max-height: 100%;" srcset="/_next/image?url=https%3A%2F%2Fimg.crofarm.com%2Fimages%2Fprodsmall%2F809_1711968813.3751767_pdp.webp&amp;w=256&amp;q=75 1x, /_next/image?url=https%3A%2F%2Fimg.crofarm.com%2Fimages%2Fprodsmall%2F809_1711968813.3751767_pdp.webp&amp;w=640&amp;q=75 2x"></span><div class="style_card_info__xGm58"><h3 class="style_prod_name__QllSp">Baby Corn</h3><h6 class="style_prod_price__4TltC"><span class="style_striked_price__4ghn5">₹58.5</span><span class="style_selling_price__GaIsF">&nbsp;₹48.5/Pack</span> </h6><div class="style_cta__2QWKl"><div><p class="style_final_price__FERLK">₹48.5&nbsp;&nbsp;<span class="style_prod_qt__cXcqe">150 g</span></p></div><div><span class="style_btn__0_x3D">Add</span></div></div></div></div></div><div class="style_card__v4i84    }"><div class="style_card_details__qi0G9"><span style="box-sizing: border-box; display: inline-block; overflow: hidden; width: initial; height: initial; background: none; opacity: 1; border: 0px; margin: 0px; padding: 0px; position: relative; max-width: 100%;"><span style="box-sizing: border-box; display: block; width: initial; height: initial; background: none; opacity: 1; border: 0px; margin: 0px; padding: 0px; max-width: 100%;"><img alt="" aria-hidden="true" src="data:image/svg+xml,%3csvg%20xmlns=%27http://www.w3.org/2000/svg%27%20version=%271.1%27%20width=%27200%27%20height=%27185%27/%3e" style="display: block; max-width: 100%; width: initial; height: initial; background: none; opacity: 1; border: 0px; margin: 0px; padding: 0px;"></span><img alt="Organic Brinjal - Purple (Long Baingan) image" src="/_next/image?url=https%3A%2F%2Fimg.crofarm.com%2Fimages%2Fprodsmall%2F2340_1711968840.6558285_pdp.webp&amp;w=640&amp;q=75" decoding="async" data-nimg="intrinsic" class="style_card_img__RJxGM" style="position: absolute; inset: 0px; box-sizing: border-box; padding: 0px; border: none; margin: auto; display: block; width: 0px; height: 0px; min-width: 100%; max-width: 100%; min-height: 100%; max-height: 100%;" srcset="/_next/image?url=https%3A%2F%2Fimg.crofarm.com%2Fimages%2Fprodsmall%2F2340_1711968840.6558285_pdp.webp&amp;w=256&amp;q=75 1x, /_next/image?url=https%3A%2F%2Fimg.crofarm.com%2Fimages%2Fprodsmall%2F2340_1711968840.6558285_pdp.webp&amp;w=640&amp;q=75 2x"></span><div class="style_card_info__xGm58"><h3 class="style_prod_name__QllSp">Organic Brinjal - Purple (Long Baingan)</h3><h6 class="style_prod_price__4TltC"><span class="style_striked_price__4ghn5">₹111</span><span class="style_selling_price__GaIsF">&nbsp;₹99/kg</span> </h6><div class="style_cta__2QWKl"><div><p class="style_final_price__FERLK">₹49.5&nbsp;&nbsp;<span class="style_prod_qt__cXcqe">500 g</span></p></div><div><span class="style_btn__0_x3D">Add</span></div></div></div></div></div><div class="style_card__v4i84    }"><div class="style_card_details__qi0G9"><span style="box-sizing: border-box; display: inline-block; overflow: hidden; width: initial; height: initial; background: none; opacity: 1; border: 0px; margin: 0px; padding: 0px; position: relative; max-width: 100%;"><span style="box-sizing: border-box; display: block; width: initial; height: initial; background: none; opacity: 1; border: 0px; margin: 0px; padding: 0px; max-width: 100%;"><img alt="" aria-hidden="true" src="data:image/svg+xml,%3csvg%20xmlns=%27http://www.w3.org/2000/svg%27%20version=%271.1%27%20width=%27200%27%20height=%27185%27/%3e" style="display: block; max-width: 100%; width: initial; height: initial; background: none; opacity: 1; border: 0px; margin: 0px; padding: 0px;"></span><img alt="Organic Beetroot (Chukandar) image" src="/_next/image?url=https%3A%2F%2Fimg.crofarm.com%2Fimages%2Fprodsmall%2F1551_1715236976.2178211_pdp.webp&amp;w=640&amp;q=75" decoding="async" data-nimg="intrinsic" class="style_card_img__RJxGM" style="position: absolute; inset: 0px; box-sizing: border-box; padding: 0px; border: none; margin: auto; display: block; width: 0px; height: 0px; min-width: 100%; max-width: 100%; min-height: 100%; max-height: 100%;" srcset="/_next/image?url=https%3A%2F%2Fimg.crofarm.com%2Fimages%2Fprodsmall%2F1551_1715236976.2178211_pdp.webp&amp;w=256&amp;q=75 1x, /_next/image?url=https%3A%2F%2Fimg.crofarm.com%2Fimages%2Fprodsmall%2F1551_1715236976.2178211_pdp.webp&amp;w=640&amp;q=75 2x"></span><div class="style_card_info__xGm58"><h3 class="style_prod_name__QllSp">Organic Beetroot (Chukandar)</h3><h6 class="style_prod_price__4TltC"><span class="style_striked_price__4ghn5">₹111</span><span class="style_selling_price__GaIsF">&nbsp;₹91/kg</span> </h6><div class="style_cta__2QWKl"><div><p class="style_final_price__FERLK">₹45.5&nbsp;&nbsp;<span class="style_prod_qt__cXcqe">500 g</span></p></div><div><span class="style_btn__0_x3D">Add</span></div></div></div></div></div><div class="style_card__v4i84    }"><div class="style_card_details__qi0G9"><span style="box-sizing: border-box; display: inline-block; overflow: hidden; width: initial; height: initial; background: none; opacity: 1; border: 0px; margin: 0px; padding: 0px; position: relative; max-width: 100%;"><span style="box-sizing: border-box; display: block; width: initial; height: initial; background: none; opacity: 1; border: 0px; margin: 0px; padding: 0px; max-width: 100%;"><img alt="" aria-hidden="true" src="data:image/svg+xml,%3csvg%20xmlns=%27http://www.w3.org/2000/svg%27%20version=%271.1%27%20width=%27200%27%20height=%27185%27/%3e" style="display: block; max-width: 100%; width: initial; height: initial; background: none; opacity: 1; border: 0px; margin: 0px; padding: 0px;"></span><img alt="Organic Spinach (Paalak) image" src="/_next/image?url=https%3A%2F%2Fimg.crofarm.com%2Fimages%2Fprodsmall%2F3286_1711968711.684884_pdp.webp&amp;w=640&amp;q=75" decoding="async" data-nimg="intrinsic" class="style_card_img__RJxGM" style="position: absolute; inset: 0px; box-sizing: border-box; padding: 0px; border: none; margin: auto; display: block; width: 0px; height: 0px; min-width: 100%; max-width: 100%; min-height: 100%; max-height: 100%;" srcset="/_next/image?url=https%3A%2F%2Fimg.crofarm.com%2Fimages%2Fprodsmall%2F3286_1711968711.684884_pdp.webp&amp;w=256&amp;q=75 1x, /_next/image?url=https%3A%2F%2Fimg.crofarm.com%2Fimages%2Fprodsmall%2F3286_1711968711.684884_pdp.webp&amp;w=640&amp;q=75 2x"></span><div class="style_card_info__xGm58"><h3 class="style_prod_name__QllSp">Organic Spinach (Paalak)</h3><h6 class="style_prod_price__4TltC"><span class="style_striked_price__4ghn5">₹115.8</span><span class="style_selling_price__GaIsF">&nbsp;₹99.2/kg</span> </h6><div class="style_cta__2QWKl"><div><p class="style_final_price__FERLK">₹59.5&nbsp;&nbsp;<span class="style_prod_qt__cXcqe">600 g</span></p></div><div><span class="style_btn__0_x3D">Add</span></div></div></div></div></div><div class="style_card__v4i84    }"><div class="style_card_details__qi0G9"><span style="box-sizing: border-box; display: inline-block; overflow: hidden; width: initial; height: initial; background: none; opacity: 1; border: 0px; margin: 0px; padding: 0px; position: relative; max-width: 100%;"><span style="box-sizing: border-box; display: block; width: initial; height: initial; background: none; opacity: 1; border: 0px; margin: 0px; padding: 0px; max-width: 100%;"><img alt="" aria-hidden="true" src="data:image/svg+xml,%3csvg%20xmlns=%27http://www.w3.org/2000/svg%27%20version=%271.1%27%20width=%27200%27%20height=%27185%27/%3e" style="display: block; max-width: 100%; width: initial; height: initial; background: none; opacity: 1; border: 0px; margin: 0px; padding: 0px;"></span><img alt="Organic Bottle Gourd - Long (Lauki) image" src="/_next/image?url=https%3A%2F%2Fimg.crofarm.com%2Fimages%2Fprodsmall%2F1118_1715236984.1657906_pdp.webp&amp;w=640&amp;q=75" decoding="async" data-nimg="intrinsic" class="style_card_img__RJxGM" style="position: absolute; inset: 0px; box-sizing: border-box; padding: 0px; border: none; margin: auto; display: block; width: 0px; height: 0px; min-width: 100%; max-width: 100%; min-height: 100%; max-height: 100%;" srcset="/_next/image?url=https%3A%2F%2Fimg.crofarm.com%2Fimages%2Fprodsmall%2F1118_1715236984.1657906_pdp.webp&amp;w=256&amp;q=75 1x, /_next/image?url=https%3A%2F%2Fimg.crofarm.com%2Fimages%2Fprodsmall%2F1118_1715236984.1657906_pdp.webp&amp;w=640&amp;q=75 2x"></span><div class="style_card_info__xGm58"><h3 class="style_prod_name__QllSp">Organic Bottle Gourd - Long (Lauki)</h3><h6 class="style_prod_price__4TltC"><span class="style_striked_price__4ghn5">₹92.5</span><span class="style_selling_price__GaIsF">&nbsp;₹75.8/kg</span> </h6><div class="style_cta__2QWKl"><div><p class="style_final_price__FERLK">₹45.5&nbsp;&nbsp;<span class="style_prod_qt__cXcqe">600 g</span></p></div><div><span class="style_btn__0_x3D">Add</span></div></div></div></div></div><div class="style_card__v4i84    }"><div class="style_card_details__qi0G9"><span style="box-sizing: border-box; display: inline-block; overflow: hidden; width: initial; height: initial; background: none; opacity: 1; border: 0px; margin: 0px; padding: 0px; position: relative; max-width: 100%;"><span style="box-sizing: border-box; display: block; width: initial; height: initial; background: none; opacity: 1; border: 0px; margin: 0px; padding: 0px; max-width: 100%;"><img alt="" aria-hidden="true" src="data:image/svg+xml,%3csvg%20xmlns=%27http://www.w3.org/2000/svg%27%20version=%271.1%27%20width=%27200%27%20height=%27185%27/%3e" style="display: block; max-width: 100%; width: initial; height: initial; background: none; opacity: 1; border: 0px; margin: 0px; padding: 0px;"></span><img alt="Kashmiri Garlic image" src="/_next/image?url=https%3A%2F%2Fimg.crofarm.com%2Fimages%2Fprodsmall%2F7160_1711968698.205912_pdp.webp&amp;w=640&amp;q=75" decoding="async" data-nimg="intrinsic" class="style_card_img__RJxGM" style="position: absolute; inset: 0px; box-sizing: border-box; padding: 0px; border: none; margin: auto; display: block; width: 0px; height: 0px; min-width: 100%; max-width: 100%; min-height: 100%; max-height: 100%;" srcset="/_next/image?url=https%3A%2F%2Fimg.crofarm.com%2Fimages%2Fprodsmall%2F7160_1711968698.205912_pdp.webp&amp;w=256&amp;q=75 1x, /_next/image?url=https%3A%2F%2Fimg.crofarm.com%2Fimages%2Fprodsmall%2F7160_1711968698.205912_pdp.webp&amp;w=640&amp;q=75 2x"></span><div class="style_card_info__xGm58"><h3 class="style_prod_name__QllSp">Kashmiri Garlic</h3><h6 class="style_prod_price__4TltC"><span class="style_striked_price__4ghn5">₹1190</span><span class="style_selling_price__GaIsF">&nbsp;₹990/kg</span> </h6><div class="style_cta__2QWKl"><div><p class="style_final_price__FERLK">₹49.5&nbsp;&nbsp;<span class="style_prod_qt__cXcqe">50 g</span></p></div><div><span class="style_btn__0_x3D">Add</span></div></div></div></div></div><div class="style_card__v4i84    }"><div class="style_card_details__qi0G9"><span style="box-sizing: border-box; display: inline-block; overflow: hidden; width: initial; height: initial; background: none; opacity: 1; border: 0px; margin: 0px; padding: 0px; position: relative; max-width: 100%;"><span style="box-sizing: border-box; display: block; width: initial; height: initial; background: none; opacity: 1; border: 0px; margin: 0px; padding: 0px; max-width: 100%;"><img alt="" aria-hidden="true" src="data:image/svg+xml,%3csvg%20xmlns=%27http://www.w3.org/2000/svg%27%20version=%271.1%27%20width=%27200%27%20height=%27185%27/%3e" style="display: block; max-width: 100%; width: initial; height: initial; background: none; opacity: 1; border: 0px; margin: 0px; padding: 0px;"></span><img alt="Celery image" src="/_next/image?url=https%3A%2F%2Fimg.crofarm.com%2Fimages%2Fprodsmall%2F845_1711968857.4967687_pdp.webp&amp;w=640&amp;q=75" decoding="async" data-nimg="intrinsic" class="style_card_img__RJxGM" style="position: absolute; inset: 0px; box-sizing: border-box; padding: 0px; border: none; margin: auto; display: block; width: 0px; height: 0px; min-width: 100%; max-width: 100%; min-height: 100%; max-height: 100%;" srcset="/_next/image?url=https%3A%2F%2Fimg.crofarm.com%2Fimages%2Fprodsmall%2F845_1711968857.4967687_pdp.webp&amp;w=256&amp;q=75 1x, /_next/image?url=https%3A%2F%2Fimg.crofarm.com%2Fimages%2Fprodsmall%2F845_1711968857.4967687_pdp.webp&amp;w=640&amp;q=75 2x"></span><div class="style_card_info__xGm58"><h3 class="style_prod_name__QllSp">Celery</h3><h6 class="style_prod_price__4TltC"><span class="style_striked_price__4ghn5">₹270</span><span class="style_selling_price__GaIsF">&nbsp;₹203.3/kg</span> </h6><div class="style_cta__2QWKl"><div><p class="style_final_price__FERLK">₹30.5&nbsp;&nbsp;<span class="style_prod_qt__cXcqe">150 g</span></p></div><div><span class="style_btn__0_x3D">Add</span></div></div></div></div></div><div class="style_card__v4i84    }"><div class="style_card_details__qi0G9"><span style="box-sizing: border-box; display: inline-block; overflow: hidden; width: initial; height: initial; background: none; opacity: 1; border: 0px; margin: 0px; padding: 0px; position: relative; max-width: 100%;"><span style="box-sizing: border-box; display: block; width: initial; height: initial; background: none; opacity: 1; border: 0px; margin: 0px; padding: 0px; max-width: 100%;"><img alt="" aria-hidden="true" src="data:image/svg+xml,%3csvg%20xmlns=%27http://www.w3.org/2000/svg%27%20version=%271.1%27%20width=%27200%27%20height=%27185%27/%3e" style="display: block; max-width: 100%; width: initial; height: initial; background: none; opacity: 1; border: 0px; margin: 0px; padding: 0px;"></span><img alt="Tomato - Cherry (Tamatar) image" src="/_next/image?url=https%3A%2F%2Fimg.crofarm.com%2Fimages%2Fprodsmall%2F840_1711968821.2335181_pdp.webp&amp;w=640&amp;q=75" decoding="async" data-nimg="intrinsic" class="style_card_img__RJxGM" style="position: absolute; inset: 0px; box-sizing: border-box; padding: 0px; border: none; margin: auto; display: block; width: 0px; height: 0px; min-width: 100%; max-width: 100%; min-height: 100%; max-height: 100%;" srcset="/_next/image?url=https%3A%2F%2Fimg.crofarm.com%2Fimages%2Fprodsmall%2F840_1711968821.2335181_pdp.webp&amp;w=256&amp;q=75 1x, /_next/image?url=https%3A%2F%2Fimg.crofarm.com%2Fimages%2Fprodsmall%2F840_1711968821.2335181_pdp.webp&amp;w=640&amp;q=75 2x"></span><div class="style_card_info__xGm58"><h3 class="style_prod_name__QllSp">Tomato - Cherry (Tamatar)</h3><h6 class="style_prod_price__4TltC"><span class="style_striked_price__4ghn5">₹82.5</span><span class="style_selling_price__GaIsF">&nbsp;₹72.5/Pack</span> </h6><div class="style_cta__2QWKl"><div><p class="style_final_price__FERLK">₹72.5&nbsp;&nbsp;<span class="style_prod_qt__cXcqe">200 g</span></p></div><div><span class="style_btn__0_x3D">Add</span></div></div></div></div></div><div class="style_card__v4i84    }"><div class="style_card_details__qi0G9"><span style="box-sizing: border-box; display: inline-block; overflow: hidden; width: initial; height: initial; background: none; opacity: 1; border: 0px; margin: 0px; padding: 0px; position: relative; max-width: 100%;"><span style="box-sizing: border-box; display: block; width: initial; height: initial; background: none; opacity: 1; border: 0px; margin: 0px; padding: 0px; max-width: 100%;"><img alt="" aria-hidden="true" src="data:image/svg+xml,%3csvg%20xmlns=%27http://www.w3.org/2000/svg%27%20version=%271.1%27%20width=%27200%27%20height=%27185%27/%3e" style="display: block; max-width: 100%; width: initial; height: initial; background: none; opacity: 1; border: 0px; margin: 0px; padding: 0px;"></span><img alt="Hydroponic Red and Yellow Capsicum image" src="/_next/image?url=https%3A%2F%2Fimg.crofarm.com%2Fimages%2Fprodsmall%2F5600_1711968846.3803525_pdp.webp&amp;w=640&amp;q=75" decoding="async" data-nimg="intrinsic" class="style_card_img__RJxGM" style="position: absolute; inset: 0px; box-sizing: border-box; padding: 0px; border: none; margin: auto; display: block; width: 0px; height: 0px; min-width: 100%; max-width: 100%; min-height: 100%; max-height: 100%;" srcset="/_next/image?url=https%3A%2F%2Fimg.crofarm.com%2Fimages%2Fprodsmall%2F5600_1711968846.3803525_pdp.webp&amp;w=256&amp;q=75 1x, /_next/image?url=https%3A%2F%2Fimg.crofarm.com%2Fimages%2Fprodsmall%2F5600_1711968846.3803525_pdp.webp&amp;w=640&amp;q=75 2x"></span><div class="style_card_info__xGm58"><h3 class="style_prod_name__QllSp">Hydroponic Red and Yellow Capsicum</h3><h6 class="style_prod_price__4TltC"><span class="style_striked_price__4ghn5">₹602</span><span class="style_selling_price__GaIsF">&nbsp;₹542/kg</span> </h6><div class="style_cta__2QWKl"><div><p class="style_final_price__FERLK">₹135.5&nbsp;&nbsp;<span class="style_prod_qt__cXcqe">1 Pack</span></p></div><div><span class="style_btn__0_x3D">Add</span></div></div></div></div></div><div class="style_card__v4i84    }"><div class="style_card_details__qi0G9"><span style="box-sizing: border-box; display: inline-block; overflow: hidden; width: initial; height: initial; background: none; opacity: 1; border: 0px; margin: 0px; padding: 0px; position: relative; max-width: 100%;"><span style="box-sizing: border-box; display: block; width: initial; height: initial; background: none; opacity: 1; border: 0px; margin: 0px; padding: 0px; max-width: 100%;"><img alt="" aria-hidden="true" src="data:image/svg+xml,%3csvg%20xmlns=%27http://www.w3.org/2000/svg%27%20version=%271.1%27%20width=%27200%27%20height=%27185%27/%3e" style="display: block; max-width: 100%; width: initial; height: initial; background: none; opacity: 1; border: 0px; margin: 0px; padding: 0px;"></span><img alt="Lemon Grass image" src="/_next/image?url=https%3A%2F%2Fimg.crofarm.com%2Fimages%2Fprodsmall%2F918_1711968823.9339244_pdp.webp&amp;w=640&amp;q=75" decoding="async" data-nimg="intrinsic" class="style_card_img__RJxGM" style="position: absolute; inset: 0px; box-sizing: border-box; padding: 0px; border: none; margin: auto; display: block; width: 0px; height: 0px; min-width: 100%; max-width: 100%; min-height: 100%; max-height: 100%;" srcset="/_next/image?url=https%3A%2F%2Fimg.crofarm.com%2Fimages%2Fprodsmall%2F918_1711968823.9339244_pdp.webp&amp;w=256&amp;q=75 1x, /_next/image?url=https%3A%2F%2Fimg.crofarm.com%2Fimages%2Fprodsmall%2F918_1711968823.9339244_pdp.webp&amp;w=640&amp;q=75 2x"></span><div class="style_card_info__xGm58"><h3 class="style_prod_name__QllSp">Lemon Grass</h3><h6 class="style_prod_price__4TltC"><span class="style_striked_price__4ghn5">₹329.2</span><span class="style_selling_price__GaIsF">&nbsp;₹245.8/kg</span> </h6><div class="style_cta__2QWKl"><div><p class="style_final_price__FERLK">₹29.5&nbsp;&nbsp;<span class="style_prod_qt__cXcqe">120 g</span></p></div><div><span class="style_btn__0_x3D">Add</span></div></div></div></div></div><div class="style_card__v4i84    }"><div class="style_card_details__qi0G9"><span style="box-sizing: border-box; display: inline-block; overflow: hidden; width: initial; height: initial; background: none; opacity: 1; border: 0px; margin: 0px; padding: 0px; position: relative; max-width: 100%;"><span style="box-sizing: border-box; display: block; width: initial; height: initial; background: none; opacity: 1; border: 0px; margin: 0px; padding: 0px; max-width: 100%;"><img alt="" aria-hidden="true" src="data:image/svg+xml,%3csvg%20xmlns=%27http://www.w3.org/2000/svg%27%20version=%271.1%27%20width=%27200%27%20height=%27185%27/%3e" style="display: block; max-width: 100%; width: initial; height: initial; background: none; opacity: 1; border: 0px; margin: 0px; padding: 0px;"></span><img alt="Lettuce - Green image" src="/_next/image?url=https%3A%2F%2Fimg.crofarm.com%2Fimages%2Fprodsmall%2F881_1711968874.956784_pdp.webp&amp;w=640&amp;q=75" decoding="async" data-nimg="intrinsic" class="style_card_img__RJxGM" style="position: absolute; inset: 0px; box-sizing: border-box; padding: 0px; border: none; margin: auto; display: block; width: 0px; height: 0px; min-width: 100%; max-width: 100%; min-height: 100%; max-height: 100%;" srcset="/_next/image?url=https%3A%2F%2Fimg.crofarm.com%2Fimages%2Fprodsmall%2F881_1711968874.956784_pdp.webp&amp;w=256&amp;q=75 1x, /_next/image?url=https%3A%2F%2Fimg.crofarm.com%2Fimages%2Fprodsmall%2F881_1711968874.956784_pdp.webp&amp;w=640&amp;q=75 2x"></span><div class="style_card_info__xGm58"><h3 class="style_prod_name__QllSp">Lettuce - Green</h3><h6 class="style_prod_price__4TltC"><span class="style_striked_price__4ghn5">₹630</span><span class="style_selling_price__GaIsF">&nbsp;₹570/kg</span> </h6><div class="style_cta__2QWKl"><div><p class="style_final_price__FERLK">₹142.5&nbsp;&nbsp;<span class="style_prod_qt__cXcqe">250 g</span></p></div><div><span class="style_btn__0_x3D">Add</span></div></div></div></div></div><div class="style_card__v4i84    }"><div class="style_card_details__qi0G9"><span style="box-sizing: border-box; display: inline-block; overflow: hidden; width: initial; height: initial; background: none; opacity: 1; border: 0px; margin: 0px; padding: 0px; position: relative; max-width: 100%;"><span style="box-sizing: border-box; display: block; width: initial; height: initial; background: none; opacity: 1; border: 0px; margin: 0px; padding: 0px; max-width: 100%;"><img alt="" aria-hidden="true" src="data:image/svg+xml,%3csvg%20xmlns=%27http://www.w3.org/2000/svg%27%20version=%271.1%27%20width=%27200%27%20height=%27185%27/%3e" style="display: block; max-width: 100%; width: initial; height: initial; background: none; opacity: 1; border: 0px; margin: 0px; padding: 0px;"></span><img alt="Lettuce - Iceberg image" src="/_next/image?url=https%3A%2F%2Fimg.crofarm.com%2Fimages%2Fprodsmall%2F7181_1711968750.3481889_pdp.webp&amp;w=640&amp;q=75" decoding="async" data-nimg="intrinsic" class="style_card_img__RJxGM" style="position: absolute; inset: 0px; box-sizing: border-box; padding: 0px; border: none; margin: auto; display: block; width: 0px; height: 0px; min-width: 100%; max-width: 100%; min-height: 100%; max-height: 100%;" srcset="/_next/image?url=https%3A%2F%2Fimg.crofarm.com%2Fimages%2Fprodsmall%2F7181_1711968750.3481889_pdp.webp&amp;w=256&amp;q=75 1x, /_next/image?url=https%3A%2F%2Fimg.crofarm.com%2Fimages%2Fprodsmall%2F7181_1711968750.3481889_pdp.webp&amp;w=640&amp;q=75 2x"></span><div class="style_card_info__xGm58"><h3 class="style_prod_name__QllSp">Lettuce - Iceberg</h3><h6 class="style_prod_price__4TltC"><span class="style_striked_price__4ghn5">₹582</span><span class="style_selling_price__GaIsF">&nbsp;₹532/kg</span> </h6><div class="style_cta__2QWKl"><div><p class="style_final_price__FERLK">₹159.6&nbsp;&nbsp;<span class="style_prod_qt__cXcqe">300 g</span></p></div><div><span class="style_btn__0_x3D">Add</span></div></div></div></div></div><div class="style_card__v4i84    }"><div class="style_card_details__qi0G9"><span style="box-sizing: border-box; display: inline-block; overflow: hidden; width: initial; height: initial; background: none; opacity: 1; border: 0px; margin: 0px; padding: 0px; position: relative; max-width: 100%;"><span style="box-sizing: border-box; display: block; width: initial; height: initial; background: none; opacity: 1; border: 0px; margin: 0px; padding: 0px; max-width: 100%;"><img alt="" aria-hidden="true" src="data:image/svg+xml,%3csvg%20xmlns=%27http://www.w3.org/2000/svg%27%20version=%271.1%27%20width=%27200%27%20height=%27185%27/%3e" style="display: block; max-width: 100%; width: initial; height: initial; background: none; opacity: 1; border: 0px; margin: 0px; padding: 0px;"></span><img alt="Mint Leaves (Pudina) image" src="/_next/image?url=https%3A%2F%2Fimg.crofarm.com%2Fimages%2Fprodsmall%2F827_1711968851.5348291_pdp.webp&amp;w=640&amp;q=75" decoding="async" data-nimg="intrinsic" class="style_card_img__RJxGM" style="position: absolute; inset: 0px; box-sizing: border-box; padding: 0px; border: none; margin: auto; display: block; width: 0px; height: 0px; min-width: 100%; max-width: 100%; min-height: 100%; max-height: 100%;" srcset="/_next/image?url=https%3A%2F%2Fimg.crofarm.com%2Fimages%2Fprodsmall%2F827_1711968851.5348291_pdp.webp&amp;w=256&amp;q=75 1x, /_next/image?url=https%3A%2F%2Fimg.crofarm.com%2Fimages%2Fprodsmall%2F827_1711968851.5348291_pdp.webp&amp;w=640&amp;q=75 2x"></span><div class="style_card_info__xGm58"><h3 class="style_prod_name__QllSp">Mint Leaves (Pudina)</h3><h6 class="style_prod_price__4TltC"><span class="style_striked_price__4ghn5">₹40.5</span><span class="style_selling_price__GaIsF">&nbsp;₹30.5/Pack</span> </h6><div class="style_cta__2QWKl"><div><p class="style_final_price__FERLK">₹30.5&nbsp;&nbsp;<span class="style_prod_qt__cXcqe">1 Pack</span></p></div><div><span class="style_btn__0_x3D">Add</span></div></div></div></div></div><div class="style_card__v4i84    }"><div class="style_card_details__qi0G9"><span style="box-sizing: border-box; display: inline-block; overflow: hidden; width: initial; height: initial; background: none; opacity: 1; border: 0px; margin: 0px; padding: 0px; position: relative; max-width: 100%;"><span style="box-sizing: border-box; display: block; width: initial; height: initial; background: none; opacity: 1; border: 0px; margin: 0px; padding: 0px; max-width: 100%;"><img alt="" aria-hidden="true" src="data:image/svg+xml,%3csvg%20xmlns=%27http://www.w3.org/2000/svg%27%20version=%271.1%27%20width=%27200%27%20height=%27185%27/%3e" style="display: block; max-width: 100%; width: initial; height: initial; background: none; opacity: 1; border: 0px; margin: 0px; padding: 0px;"></span><img alt="Mustard Microgreens image" src="/_next/image?url=https%3A%2F%2Fimg.crofarm.com%2Fimages%2Fprodsmall%2F2962_1711968775.3127878_pdp.webp&amp;w=640&amp;q=75" decoding="async" data-nimg="intrinsic" class="style_card_img__RJxGM" style="position: absolute; inset: 0px; box-sizing: border-box; padding: 0px; border: none; margin: auto; display: block; width: 0px; height: 0px; min-width: 100%; max-width: 100%; min-height: 100%; max-height: 100%;" srcset="/_next/image?url=https%3A%2F%2Fimg.crofarm.com%2Fimages%2Fprodsmall%2F2962_1711968775.3127878_pdp.webp&amp;w=256&amp;q=75 1x, /_next/image?url=https%3A%2F%2Fimg.crofarm.com%2Fimages%2Fprodsmall%2F2962_1711968775.3127878_pdp.webp&amp;w=640&amp;q=75 2x"></span><div class="style_card_info__xGm58"><h3 class="style_prod_name__QllSp">Mustard Microgreens</h3><h6 class="style_prod_price__4TltC"><span class="style_striked_price__4ghn5">₹124.4</span><span class="style_selling_price__GaIsF">&nbsp;₹109.4/Pack</span> </h6><div class="style_cta__2QWKl"><div><p class="style_final_price__FERLK">₹109.4&nbsp;&nbsp;<span class="style_prod_qt__cXcqe">200 g</span></p></div><div><span class="style_btn__0_x3D">Add</span></div></div></div></div></div><div class="style_card__v4i84    }"><div class="style_card_details__qi0G9"><span style="box-sizing: border-box; display: inline-block; overflow: hidden; width: initial; height: initial; background: none; opacity: 1; border: 0px; margin: 0px; padding: 0px; position: relative; max-width: 100%;"><span style="box-sizing: border-box; display: block; width: initial; height: initial; background: none; opacity: 1; border: 0px; margin: 0px; padding: 0px; max-width: 100%;"><img alt="" aria-hidden="true" src="data:image/svg+xml,%3csvg%20xmlns=%27http://www.w3.org/2000/svg%27%20version=%271.1%27%20width=%27200%27%20height=%27185%27/%3e" style="display: block; max-width: 100%; width: initial; height: initial; background: none; opacity: 1; border: 0px; margin: 0px; padding: 0px;"></span><img alt="Organic Chilli - Hybrid (Mirch) image" src="/_next/image?url=https%3A%2F%2Fimg.crofarm.com%2Fimages%2Fprodsmall%2F2307_1715236965.9579356_pdp.webp&amp;w=640&amp;q=75" decoding="async" data-nimg="intrinsic" class="style_card_img__RJxGM" style="position: absolute; inset: 0px; box-sizing: border-box; padding: 0px; border: none; margin: auto; display: block; width: 0px; height: 0px; min-width: 100%; max-width: 100%; min-height: 100%; max-height: 100%;" srcset="/_next/image?url=https%3A%2F%2Fimg.crofarm.com%2Fimages%2Fprodsmall%2F2307_1715236965.9579356_pdp.webp&amp;w=256&amp;q=75 1x, /_next/image?url=https%3A%2F%2Fimg.crofarm.com%2Fimages%2Fprodsmall%2F2307_1715236965.9579356_pdp.webp&amp;w=640&amp;q=75 2x"></span><div class="style_card_info__xGm58"><h3 class="style_prod_name__QllSp">Organic Chilli - Hybrid (Mirch)</h3><h6 class="style_prod_price__4TltC"><span class="style_striked_price__4ghn5">₹285</span><span class="style_selling_price__GaIsF">&nbsp;₹235/kg</span> </h6><div class="style_cta__2QWKl"><div><p class="style_final_price__FERLK">₹23.5&nbsp;&nbsp;<span class="style_prod_qt__cXcqe">100 g</span></p></div><div><span class="style_btn__0_x3D">Add</span></div></div></div></div></div><div class="style_card__v4i84    }"><div class="style_card_details__qi0G9"><span style="box-sizing: border-box; display: inline-block; overflow: hidden; width: initial; height: initial; background: none; opacity: 1; border: 0px; margin: 0px; padding: 0px; position: relative; max-width: 100%;"><span style="box-sizing: border-box; display: block; width: initial; height: initial; background: none; opacity: 1; border: 0px; margin: 0px; padding: 0px; max-width: 100%;"><img alt="" aria-hidden="true" src="data:image/svg+xml,%3csvg%20xmlns=%27http://www.w3.org/2000/svg%27%20version=%271.1%27%20width=%27200%27%20height=%27185%27/%3e" style="display: block; max-width: 100%; width: initial; height: initial; background: none; opacity: 1; border: 0px; margin: 0px; padding: 0px;"></span><img alt="Organic Cucumber - Seedless (Kheera) image" src="/_next/image?url=https%3A%2F%2Fimg.crofarm.com%2Fimages%2Fprodsmall%2F1146_1715236971.9169044_pdp.webp&amp;w=640&amp;q=75" decoding="async" data-nimg="intrinsic" class="style_card_img__RJxGM" style="position: absolute; inset: 0px; box-sizing: border-box; padding: 0px; border: none; margin: auto; display: block; width: 0px; height: 0px; min-width: 100%; max-width: 100%; min-height: 100%; max-height: 100%;" srcset="/_next/image?url=https%3A%2F%2Fimg.crofarm.com%2Fimages%2Fprodsmall%2F1146_1715236971.9169044_pdp.webp&amp;w=256&amp;q=75 1x, /_next/image?url=https%3A%2F%2Fimg.crofarm.com%2Fimages%2Fprodsmall%2F1146_1715236971.9169044_pdp.webp&amp;w=640&amp;q=75 2x"></span><div class="style_card_info__xGm58"><h3 class="style_prod_name__QllSp">Organic Cucumber - Seedless (Kheera)</h3><h6 class="style_prod_price__4TltC"><span class="style_striked_price__4ghn5">₹113</span><span class="style_selling_price__GaIsF">&nbsp;₹93/kg</span> </h6><div class="style_cta__2QWKl"><div><p class="style_final_price__FERLK">₹46.5&nbsp;&nbsp;<span class="style_prod_qt__cXcqe">500 g</span></p></div><div><span class="style_btn__0_x3D">Add</span></div></div></div></div></div><div class="style_card__v4i84    }"><div class="style_card_details__qi0G9"><span style="box-sizing: border-box; display: inline-block; overflow: hidden; width: initial; height: initial; background: none; opacity: 1; border: 0px; margin: 0px; padding: 0px; position: relative; max-width: 100%;"><span style="box-sizing: border-box; display: block; width: initial; height: initial; background: none; opacity: 1; border: 0px; margin: 0px; padding: 0px; max-width: 100%;"><img alt="" aria-hidden="true" src="data:image/svg+xml,%3csvg%20xmlns=%27http://www.w3.org/2000/svg%27%20version=%271.1%27%20width=%27200%27%20height=%27185%27/%3e" style="display: block; max-width: 100%; width: initial; height: initial; background: none; opacity: 1; border: 0px; margin: 0px; padding: 0px;"></span><img alt="Organic Cucumber - Hybrid (Kheera) image" src="/_next/image?url=https%3A%2F%2Fimg.crofarm.com%2Fimages%2Fprodsmall%2F1115_1715236967.9224737_pdp.webp&amp;w=640&amp;q=75" decoding="async" data-nimg="intrinsic" class="style_card_img__RJxGM" style="position: absolute; inset: 0px; box-sizing: border-box; padding: 0px; border: none; margin: auto; display: block; width: 0px; height: 0px; min-width: 100%; max-width: 100%; min-height: 100%; max-height: 100%;" srcset="/_next/image?url=https%3A%2F%2Fimg.crofarm.com%2Fimages%2Fprodsmall%2F1115_1715236967.9224737_pdp.webp&amp;w=256&amp;q=75 1x, /_next/image?url=https%3A%2F%2Fimg.crofarm.com%2Fimages%2Fprodsmall%2F1115_1715236967.9224737_pdp.webp&amp;w=640&amp;q=75 2x"></span><div class="style_card_info__xGm58"><h3 class="style_prod_name__QllSp">Organic Cucumber - Hybrid (Kheera)</h3><h6 class="style_prod_price__4TltC"><span class="style_striked_price__4ghn5">₹100.8</span><span class="style_selling_price__GaIsF">&nbsp;₹84.2/kg</span> </h6><div class="style_cta__2QWKl"><div><p class="style_final_price__FERLK">₹50.5&nbsp;&nbsp;<span class="style_prod_qt__cXcqe">600 g</span></p></div><div><span class="style_btn__0_x3D">Add</span></div></div></div></div></div><div class="style_card__v4i84    }"><div class="style_card_details__qi0G9"><span style="box-sizing: border-box; display: inline-block; overflow: hidden; width: initial; height: initial; background: none; opacity: 1; border: 0px; margin: 0px; padding: 0px; position: relative; max-width: 100%;"><span style="box-sizing: border-box; display: block; width: initial; height: initial; background: none; opacity: 1; border: 0px; margin: 0px; padding: 0px; max-width: 100%;"><img alt="" aria-hidden="true" src="data:image/svg+xml,%3csvg%20xmlns=%27http://www.w3.org/2000/svg%27%20version=%271.1%27%20width=%27200%27%20height=%27185%27/%3e" style="display: block; max-width: 100%; width: initial; height: initial; background: none; opacity: 1; border: 0px; margin: 0px; padding: 0px;"></span><img alt="Organic Garlic (Lehsun) image" src="/_next/image?url=https%3A%2F%2Fimg.crofarm.com%2Fimages%2Fprodsmall%2F1545_1715236985.1400778_pdp.webp&amp;w=640&amp;q=75" decoding="async" data-nimg="intrinsic" class="style_card_img__RJxGM" style="position: absolute; inset: 0px; box-sizing: border-box; padding: 0px; border: none; margin: auto; display: block; width: 0px; height: 0px; min-width: 100%; max-width: 100%; min-height: 100%; max-height: 100%;" srcset="/_next/image?url=https%3A%2F%2Fimg.crofarm.com%2Fimages%2Fprodsmall%2F1545_1715236985.1400778_pdp.webp&amp;w=256&amp;q=75 1x, /_next/image?url=https%3A%2F%2Fimg.crofarm.com%2Fimages%2Fprodsmall%2F1545_1715236985.1400778_pdp.webp&amp;w=640&amp;q=75 2x"></span><div class="style_card_info__xGm58"><h3 class="style_prod_name__QllSp">Organic Garlic (Lehsun)</h3><h6 class="style_prod_price__4TltC"><span class="style_striked_price__4ghn5">₹695</span><span class="style_selling_price__GaIsF">&nbsp;₹595/kg</span> </h6><div class="style_cta__2QWKl"><div><p class="style_final_price__FERLK">₹59.5&nbsp;&nbsp;<span class="style_prod_qt__cXcqe">100 g</span></p></div><div><span class="style_btn__0_x3D">Add</span></div></div></div></div></div><div class="style_card__v4i84    }"><div class="style_card_details__qi0G9"><span style="box-sizing: border-box; display: inline-block; overflow: hidden; width: initial; height: initial; background: none; opacity: 1; border: 0px; margin: 0px; padding: 0px; position: relative; max-width: 100%;"><span style="box-sizing: border-box; display: block; width: initial; height: initial; background: none; opacity: 1; border: 0px; margin: 0px; padding: 0px; max-width: 100%;"><img alt="" aria-hidden="true" src="data:image/svg+xml,%3csvg%20xmlns=%27http://www.w3.org/2000/svg%27%20version=%271.1%27%20width=%27200%27%20height=%27185%27/%3e" style="display: block; max-width: 100%; width: initial; height: initial; background: none; opacity: 1; border: 0px; margin: 0px; padding: 0px;"></span><img alt="Organic Ginger (Adrak) image" src="/_next/image?url=https%3A%2F%2Fimg.crofarm.com%2Fimages%2Fprodsmall%2F1332_1715236965.3069427_pdp.webp&amp;w=640&amp;q=75" decoding="async" data-nimg="intrinsic" class="style_card_img__RJxGM" style="position: absolute; inset: 0px; box-sizing: border-box; padding: 0px; border: none; margin: auto; display: block; width: 0px; height: 0px; min-width: 100%; max-width: 100%; min-height: 100%; max-height: 100%;" srcset="/_next/image?url=https%3A%2F%2Fimg.crofarm.com%2Fimages%2Fprodsmall%2F1332_1715236965.3069427_pdp.webp&amp;w=256&amp;q=75 1x, /_next/image?url=https%3A%2F%2Fimg.crofarm.com%2Fimages%2Fprodsmall%2F1332_1715236965.3069427_pdp.webp&amp;w=640&amp;q=75 2x"></span><div class="style_card_info__xGm58"><h3 class="style_prod_name__QllSp">Organic Ginger (Adrak)</h3><h6 class="style_prod_price__4TltC"><span class="style_striked_price__4ghn5">₹250</span><span class="style_selling_price__GaIsF">&nbsp;₹183.3/kg</span> </h6><div class="style_cta__2QWKl"><div><p class="style_final_price__FERLK">₹27.5&nbsp;&nbsp;<span class="style_prod_qt__cXcqe">150 g</span></p></div><div><span class="style_btn__0_x3D">Add</span></div></div></div></div></div><div class="style_card__v4i84    }"><div class="style_card_details__qi0G9"><span style="box-sizing: border-box; display: inline-block; overflow: hidden; width: initial; height: initial; background: none; opacity: 1; border: 0px; margin: 0px; padding: 0px; position: relative; max-width: 100%;"><span style="box-sizing: border-box; display: block; width: initial; height: initial; background: none; opacity: 1; border: 0px; margin: 0px; padding: 0px; max-width: 100%;"><img alt="" aria-hidden="true" src="data:image/svg+xml,%3csvg%20xmlns=%27http://www.w3.org/2000/svg%27%20version=%271.1%27%20width=%27200%27%20height=%27185%27/%3e" style="display: block; max-width: 100%; width: initial; height: initial; background: none; opacity: 1; border: 0px; margin: 0px; padding: 0px;"></span><img alt="Organic Mustard Green (Sarson ka Saag) image" src="/_next/image?url=https%3A%2F%2Fimg.crofarm.com%2Fimages%2Fprodsmall%2F3590_1711968710.1264007_pdp.webp&amp;w=640&amp;q=75" decoding="async" data-nimg="intrinsic" class="style_card_img__RJxGM" style="position: absolute; inset: 0px; box-sizing: border-box; padding: 0px; border: none; margin: auto; display: block; width: 0px; height: 0px; min-width: 100%; max-width: 100%; min-height: 100%; max-height: 100%;" srcset="/_next/image?url=https%3A%2F%2Fimg.crofarm.com%2Fimages%2Fprodsmall%2F3590_1711968710.1264007_pdp.webp&amp;w=256&amp;q=75 1x, /_next/image?url=https%3A%2F%2Fimg.crofarm.com%2Fimages%2Fprodsmall%2F3590_1711968710.1264007_pdp.webp&amp;w=640&amp;q=75 2x"></span><div class="style_card_info__xGm58"><h3 class="style_prod_name__QllSp">Organic Mustard Green (Sarson ka Saag)</h3><h6 class="style_prod_price__4TltC"><span class="style_striked_price__4ghn5">₹125</span><span class="style_selling_price__GaIsF">&nbsp;₹105/kg</span> </h6><div class="style_cta__2QWKl"><div><p class="style_final_price__FERLK">₹52.5&nbsp;&nbsp;<span class="style_prod_qt__cXcqe">500 g</span></p></div><div><span class="style_btn__0_x3D">Add</span></div></div></div></div></div><div class="style_card__v4i84    }"><div class="style_card_details__qi0G9"><span style="box-sizing: border-box; display: inline-block; overflow: hidden; width: initial; height: initial; background: none; opacity: 1; border: 0px; margin: 0px; padding: 0px; position: relative; max-width: 100%;"><span style="box-sizing: border-box; display: block; width: initial; height: initial; background: none; opacity: 1; border: 0px; margin: 0px; padding: 0px; max-width: 100%;"><img alt="" aria-hidden="true" src="data:image/svg+xml,%3csvg%20xmlns=%27http://www.w3.org/2000/svg%27%20version=%271.1%27%20width=%27200%27%20height=%27185%27/%3e" style="display: block; max-width: 100%; width: initial; height: initial; background: none; opacity: 1; border: 0px; margin: 0px; padding: 0px;"></span><img alt="Hydroponic Red Cherry Tomato image" src="/_next/image?url=https%3A%2F%2Fimg.crofarm.com%2Fimages%2Fprodsmall%2F5590_1711968858.3706412_pdp.webp&amp;w=640&amp;q=75" decoding="async" data-nimg="intrinsic" class="style_card_img__RJxGM" style="position: absolute; inset: 0px; box-sizing: border-box; padding: 0px; border: none; margin: auto; display: block; width: 0px; height: 0px; min-width: 100%; max-width: 100%; min-height: 100%; max-height: 100%;" srcset="/_next/image?url=https%3A%2F%2Fimg.crofarm.com%2Fimages%2Fprodsmall%2F5590_1711968858.3706412_pdp.webp&amp;w=256&amp;q=75 1x, /_next/image?url=https%3A%2F%2Fimg.crofarm.com%2Fimages%2Fprodsmall%2F5590_1711968858.3706412_pdp.webp&amp;w=640&amp;q=75 2x"></span><div class="style_card_info__xGm58"><h3 class="style_prod_name__QllSp">Hydroponic Red Cherry Tomato</h3><h6 class="style_prod_price__4TltC"><span class="style_striked_price__4ghn5">₹77.4</span><span class="style_selling_price__GaIsF">&nbsp;₹67.4/Pack</span> </h6><div class="style_cta__2QWKl"><div><p class="style_final_price__FERLK">₹67.4&nbsp;&nbsp;<span class="style_prod_qt__cXcqe">1 Pack</span></p></div><div><span class="style_btn__0_x3D">Add</span></div></div></div></div></div><div class="style_card__v4i84    }"><div class="style_card_details__qi0G9"><span style="box-sizing: border-box; display: inline-block; overflow: hidden; width: initial; height: initial; background: none; opacity: 1; border: 0px; margin: 0px; padding: 0px; position: relative; max-width: 100%;"><span style="box-sizing: border-box; display: block; width: initial; height: initial; background: none; opacity: 1; border: 0px; margin: 0px; padding: 0px; max-width: 100%;"><img alt="" aria-hidden="true" src="data:image/svg+xml,%3csvg%20xmlns=%27http://www.w3.org/2000/svg%27%20version=%271.1%27%20width=%27200%27%20height=%27185%27/%3e" style="display: block; max-width: 100%; width: initial; height: initial; background: none; opacity: 1; border: 0px; margin: 0px; padding: 0px;"></span><img alt="Sweet Corn - Pellets image" src="/_next/image?url=https%3A%2F%2Fimg.crofarm.com%2Fimages%2Fprodsmall%2F2082_1711968736.323963_pdp.webp&amp;w=640&amp;q=75" decoding="async" data-nimg="intrinsic" class="style_card_img__RJxGM" style="position: absolute; inset: 0px; box-sizing: border-box; padding: 0px; border: none; margin: auto; display: block; width: 0px; height: 0px; min-width: 100%; max-width: 100%; min-height: 100%; max-height: 100%;" srcset="/_next/image?url=https%3A%2F%2Fimg.crofarm.com%2Fimages%2Fprodsmall%2F2082_1711968736.323963_pdp.webp&amp;w=256&amp;q=75 1x, /_next/image?url=https%3A%2F%2Fimg.crofarm.com%2Fimages%2Fprodsmall%2F2082_1711968736.323963_pdp.webp&amp;w=640&amp;q=75 2x"></span><div class="style_card_info__xGm58"><h3 class="style_prod_name__QllSp">Sweet Corn - Pellets</h3><h6 class="style_prod_price__4TltC"><span class="style_striked_price__4ghn5">₹257.5</span><span class="style_selling_price__GaIsF">&nbsp;₹207.5/kg</span> </h6><div class="style_cta__2QWKl"><div><p class="style_final_price__FERLK">₹41.5&nbsp;&nbsp;<span class="style_prod_qt__cXcqe">200 g</span></p></div><div><span class="style_btn__0_x3D">Add</span></div></div></div></div></div><div class="style_card__v4i84    }"><div class="style_card_details__qi0G9"><span style="box-sizing: border-box; display: inline-block; overflow: hidden; width: initial; height: initial; background: none; opacity: 1; border: 0px; margin: 0px; padding: 0px; position: relative; max-width: 100%;"><span style="box-sizing: border-box; display: block; width: initial; height: initial; background: none; opacity: 1; border: 0px; margin: 0px; padding: 0px; max-width: 100%;"><img alt="" aria-hidden="true" src="data:image/svg+xml,%3csvg%20xmlns=%27http://www.w3.org/2000/svg%27%20version=%271.1%27%20width=%27200%27%20height=%27185%27/%3e" style="display: block; max-width: 100%; width: initial; height: initial; background: none; opacity: 1; border: 0px; margin: 0px; padding: 0px;"></span><img alt="Water Chestnut (Singhara) image" src="/_next/image?url=https%3A%2F%2Fimg.crofarm.com%2Fimages%2Fprodsmall%2F1287_1711968792.6018777_pdp.webp&amp;w=640&amp;q=75" decoding="async" data-nimg="intrinsic" class="style_card_img__RJxGM" style="position: absolute; inset: 0px; box-sizing: border-box; padding: 0px; border: none; margin: auto; display: block; width: 0px; height: 0px; min-width: 100%; max-width: 100%; min-height: 100%; max-height: 100%;" srcset="/_next/image?url=https%3A%2F%2Fimg.crofarm.com%2Fimages%2Fprodsmall%2F1287_1711968792.6018777_pdp.webp&amp;w=256&amp;q=75 1x, /_next/image?url=https%3A%2F%2Fimg.crofarm.com%2Fimages%2Fprodsmall%2F1287_1711968792.6018777_pdp.webp&amp;w=640&amp;q=75 2x"></span><div class="style_card_info__xGm58"><h3 class="style_prod_name__QllSp">Water Chestnut (Singhara)</h3><h6 class="style_prod_price__4TltC"><span class="style_striked_price__4ghn5">₹123.8</span><span class="style_selling_price__GaIsF">&nbsp;₹71.2/kg</span> </h6><div class="style_cta__2QWKl"><div><p class="style_final_price__FERLK">₹28.5&nbsp;&nbsp;<span class="style_prod_qt__cXcqe">400 g</span></p></div><div><span class="style_btn__0_x3D">Add</span></div></div></div></div></div><div class="style_card__v4i84    }"><div class="style_card_details__qi0G9"><span style="box-sizing: border-box; display: inline-block; overflow: hidden; width: initial; height: initial; background: none; opacity: 1; border: 0px; margin: 0px; padding: 0px; position: relative; max-width: 100%;"><span style="box-sizing: border-box; display: block; width: initial; height: initial; background: none; opacity: 1; border: 0px; margin: 0px; padding: 0px; max-width: 100%;"><img alt="" aria-hidden="true" src="data:image/svg+xml,%3csvg%20xmlns=%27http://www.w3.org/2000/svg%27%20version=%271.1%27%20width=%27200%27%20height=%27185%27/%3e" style="display: block; max-width: 100%; width: initial; height: initial; background: none; opacity: 1; border: 0px; margin: 0px; padding: 0px;"></span><img alt="Radish Microgreens image" src="/_next/image?url=https%3A%2F%2Fimg.crofarm.com%2Fimages%2Fprodsmall%2F2660_1711968790.1720686_pdp.webp&amp;w=640&amp;q=75" decoding="async" data-nimg="intrinsic" class="style_card_img__RJxGM" style="position: absolute; inset: 0px; box-sizing: border-box; padding: 0px; border: none; margin: auto; display: block; width: 0px; height: 0px; min-width: 100%; max-width: 100%; min-height: 100%; max-height: 100%;" srcset="/_next/image?url=https%3A%2F%2Fimg.crofarm.com%2Fimages%2Fprodsmall%2F2660_1711968790.1720686_pdp.webp&amp;w=256&amp;q=75 1x, /_next/image?url=https%3A%2F%2Fimg.crofarm.com%2Fimages%2Fprodsmall%2F2660_1711968790.1720686_pdp.webp&amp;w=640&amp;q=75 2x"></span><div class="style_card_info__xGm58"><h3 class="style_prod_name__QllSp">Radish Microgreens</h3><h6 class="style_prod_price__4TltC"><span class="style_striked_price__4ghn5">₹124.4</span><span class="style_selling_price__GaIsF">&nbsp;₹109.4/Pack</span> </h6><div class="style_cta__2QWKl"><div><p class="style_final_price__FERLK">₹109.4&nbsp;&nbsp;<span class="style_prod_qt__cXcqe">250 g</span></p></div><div><span class="style_btn__0_x3D">Add</span></div></div></div></div></div><div class="style_card__v4i84    }"><div class="style_card_details__qi0G9"><span style="box-sizing: border-box; display: inline-block; overflow: hidden; width: initial; height: initial; background: none; opacity: 1; border: 0px; margin: 0px; padding: 0px; position: relative; max-width: 100%;"><span style="box-sizing: border-box; display: block; width: initial; height: initial; background: none; opacity: 1; border: 0px; margin: 0px; padding: 0px; max-width: 100%;"><img alt="" aria-hidden="true" src="data:image/svg+xml,%3csvg%20xmlns=%27http://www.w3.org/2000/svg%27%20version=%271.1%27%20width=%27200%27%20height=%27185%27/%3e" style="display: block; max-width: 100%; width: initial; height: initial; background: none; opacity: 1; border: 0px; margin: 0px; padding: 0px;"></span><img alt="Turmeric - Raw (Haldi) image" src="/_next/image?url=https%3A%2F%2Fimg.crofarm.com%2Fimages%2Fprodsmall%2F894_1711968764.4827256_pdp.webp&amp;w=640&amp;q=75" decoding="async" data-nimg="intrinsic" class="style_card_img__RJxGM" style="position: absolute; inset: 0px; box-sizing: border-box; padding: 0px; border: none; margin: auto; display: block; width: 0px; height: 0px; min-width: 100%; max-width: 100%; min-height: 100%; max-height: 100%;" srcset="/_next/image?url=https%3A%2F%2Fimg.crofarm.com%2Fimages%2Fprodsmall%2F894_1711968764.4827256_pdp.webp&amp;w=256&amp;q=75 1x, /_next/image?url=https%3A%2F%2Fimg.crofarm.com%2Fimages%2Fprodsmall%2F894_1711968764.4827256_pdp.webp&amp;w=640&amp;q=75 2x"></span><div class="style_card_info__xGm58"><h3 class="style_prod_name__QllSp">Turmeric - Raw (Haldi)</h3><h6 class="style_prod_price__4TltC"><span class="style_striked_price__4ghn5">₹158</span><span class="style_selling_price__GaIsF">&nbsp;₹118/kg</span> </h6><div class="style_cta__2QWKl"><div><p class="style_final_price__FERLK">₹29.5&nbsp;&nbsp;<span class="style_prod_qt__cXcqe">250 g</span></p></div><div><span class="style_btn__0_x3D">Add</span></div></div></div></div></div><div class="style_card__v4i84    }"><div class="style_card_details__qi0G9"><span style="box-sizing: border-box; display: inline-block; overflow: hidden; width: initial; height: initial; background: none; opacity: 1; border: 0px; margin: 0px; padding: 0px; position: relative; max-width: 100%;"><span style="box-sizing: border-box; display: block; width: initial; height: initial; background: none; opacity: 1; border: 0px; margin: 0px; padding: 0px; max-width: 100%;"><img alt="" aria-hidden="true" src="data:image/svg+xml,%3csvg%20xmlns=%27http://www.w3.org/2000/svg%27%20version=%271.1%27%20width=%27200%27%20height=%27185%27/%3e" style="display: block; max-width: 100%; width: initial; height: initial; background: none; opacity: 1; border: 0px; margin: 0px; padding: 0px;"></span><img alt="Zucchini - Green image" src="/_next/image?url=https%3A%2F%2Fimg.crofarm.com%2Fimages%2Fprodsmall%2F851_1711968752.8028579_pdp.webp&amp;w=640&amp;q=75" decoding="async" data-nimg="intrinsic" class="style_card_img__RJxGM" style="position: absolute; inset: 0px; box-sizing: border-box; padding: 0px; border: none; margin: auto; display: block; width: 0px; height: 0px; min-width: 100%; max-width: 100%; min-height: 100%; max-height: 100%;" srcset="/_next/image?url=https%3A%2F%2Fimg.crofarm.com%2Fimages%2Fprodsmall%2F851_1711968752.8028579_pdp.webp&amp;w=256&amp;q=75 1x, /_next/image?url=https%3A%2F%2Fimg.crofarm.com%2Fimages%2Fprodsmall%2F851_1711968752.8028579_pdp.webp&amp;w=640&amp;q=75 2x"></span><div class="style_card_info__xGm58"><h3 class="style_prod_name__QllSp">Zucchini - Green</h3><h6 class="style_prod_price__4TltC"><span class="style_striked_price__4ghn5">₹325.8</span><span class="style_selling_price__GaIsF">&nbsp;₹300.8/kg</span> </h6><div class="style_cta__2QWKl"><div><p class="style_final_price__FERLK">₹180.5&nbsp;&nbsp;<span class="style_prod_qt__cXcqe">600 g</span></p></div><div><span class="style_btn__0_x3D">Add</span></div></div></div></div></div><div class="style_card__v4i84    }"><div class="style_card_details__qi0G9"><span style="box-sizing: border-box; display: inline-block; overflow: hidden; width: initial; height: initial; background: none; opacity: 1; border: 0px; margin: 0px; padding: 0px; position: relative; max-width: 100%;"><span style="box-sizing: border-box; display: block; width: initial; height: initial; background: none; opacity: 1; border: 0px; margin: 0px; padding: 0px; max-width: 100%;"><img alt="" aria-hidden="true" src="data:image/svg+xml,%3csvg%20xmlns=%27http://www.w3.org/2000/svg%27%20version=%271.1%27%20width=%27200%27%20height=%27185%27/%3e" style="display: block; max-width: 100%; width: initial; height: initial; background: none; opacity: 1; border: 0px; margin: 0px; padding: 0px;"></span><img alt="Zucchini - Yellow image" src="/_next/image?url=https%3A%2F%2Fimg.crofarm.com%2Fimages%2Fprodsmall%2F852_1711968717.8365057_pdp.webp&amp;w=640&amp;q=75" decoding="async" data-nimg="intrinsic" class="style_card_img__RJxGM" style="position: absolute; inset: 0px; box-sizing: border-box; padding: 0px; border: none; margin: auto; display: block; width: 0px; height: 0px; min-width: 100%; max-width: 100%; min-height: 100%; max-height: 100%;" srcset="/_next/image?url=https%3A%2F%2Fimg.crofarm.com%2Fimages%2Fprodsmall%2F852_1711968717.8365057_pdp.webp&amp;w=256&amp;q=75 1x, /_next/image?url=https%3A%2F%2Fimg.crofarm.com%2Fimages%2Fprodsmall%2F852_1711968717.8365057_pdp.webp&amp;w=640&amp;q=75 2x"></span><div class="style_card_info__xGm58"><h3 class="style_prod_name__QllSp">Zucchini - Yellow</h3><h6 class="style_prod_price__4TltC"><span class="style_striked_price__4ghn5">₹337.3</span><span class="style_selling_price__GaIsF">&nbsp;₹310/kg</span> </h6><div class="style_cta__2QWKl"><div><p class="style_final_price__FERLK">₹170.5&nbsp;&nbsp;<span class="style_prod_qt__cXcqe">550 g</span></p></div><div><span class="style_btn__0_x3D">Add</span></div></div></div></div></div><div class="style_card__v4i84    }"><div class="style_card_details__qi0G9"><span style="box-sizing: border-box; display: inline-block; overflow: hidden; width: initial; height: initial; background: none; opacity: 1; border: 0px; margin: 0px; padding: 0px; position: relative; max-width: 100%;"><span style="box-sizing: border-box; display: block; width: initial; height: initial; background: none; opacity: 1; border: 0px; margin: 0px; padding: 0px; max-width: 100%;"><img alt="" aria-hidden="true" src="data:image/svg+xml,%3csvg%20xmlns=%27http://www.w3.org/2000/svg%27%20version=%271.1%27%20width=%27200%27%20height=%27185%27/%3e" style="display: block; max-width: 100%; width: initial; height: initial; background: none; opacity: 1; border: 0px; margin: 0px; padding: 0px;"></span><img alt="Thai Ginger (Adrak) image" src="/_next/image?url=https%3A%2F%2Fimg.crofarm.com%2Fimages%2Fprodsmall%2F5485_1711968823.031252_pdp.webp&amp;w=640&amp;q=75" decoding="async" data-nimg="intrinsic" class="style_card_img__RJxGM" style="position: absolute; inset: 0px; box-sizing: border-box; padding: 0px; border: none; margin: auto; display: block; width: 0px; height: 0px; min-width: 100%; max-width: 100%; min-height: 100%; max-height: 100%;" srcset="/_next/image?url=https%3A%2F%2Fimg.crofarm.com%2Fimages%2Fprodsmall%2F5485_1711968823.031252_pdp.webp&amp;w=256&amp;q=75 1x, /_next/image?url=https%3A%2F%2Fimg.crofarm.com%2Fimages%2Fprodsmall%2F5485_1711968823.031252_pdp.webp&amp;w=640&amp;q=75 2x"></span><div class="style_card_info__xGm58"><h3 class="style_prod_name__QllSp">Thai Ginger (Adrak)</h3><h6 class="style_prod_price__4TltC"><span class="style_striked_price__4ghn5">₹713.3</span><span class="style_selling_price__GaIsF">&nbsp;₹630/kg</span> </h6><div class="style_cta__2QWKl"><div><p class="style_final_price__FERLK">₹75.6&nbsp;&nbsp;<span class="style_prod_qt__cXcqe">120 g</span></p></div><div><span class="style_btn__0_x3D">Add</span></div></div></div></div></div><div class="style_card__v4i84    }"><div class="style_card_details__qi0G9"><span style="box-sizing: border-box; display: inline-block; overflow: hidden; width: initial; height: initial; background: none; opacity: 1; border: 0px; margin: 0px; padding: 0px; position: relative; max-width: 100%;"><span style="box-sizing: border-box; display: block; width: initial; height: initial; background: none; opacity: 1; border: 0px; margin: 0px; padding: 0px; max-width: 100%;"><img alt="" aria-hidden="true" src="data:image/svg+xml,%3csvg%20xmlns=%27http://www.w3.org/2000/svg%27%20version=%271.1%27%20width=%27200%27%20height=%27185%27/%3e" style="display: block; max-width: 100%; width: initial; height: initial; background: none; opacity: 1; border: 0px; margin: 0px; padding: 0px;"></span><img alt="Cut Beetroot Julienne (Thin Stripes) image" src="/_next/image?url=https%3A%2F%2Fimg.crofarm.com%2Fimages%2Fprodsmall%2F2189_1711968769.128395_pdp.webp&amp;w=640&amp;q=75" decoding="async" data-nimg="intrinsic" class="style_card_img__RJxGM" style="position: absolute; inset: 0px; box-sizing: border-box; padding: 0px; border: none; margin: auto; display: block; width: 0px; height: 0px; min-width: 100%; max-width: 100%; min-height: 100%; max-height: 100%;" srcset="/_next/image?url=https%3A%2F%2Fimg.crofarm.com%2Fimages%2Fprodsmall%2F2189_1711968769.128395_pdp.webp&amp;w=256&amp;q=75 1x, /_next/image?url=https%3A%2F%2Fimg.crofarm.com%2Fimages%2Fprodsmall%2F2189_1711968769.128395_pdp.webp&amp;w=640&amp;q=75 2x"></span><div class="style_card_info__xGm58"><h3 class="style_prod_name__QllSp">Cut Beetroot Julienne (Thin Stripes)</h3><h6 class="style_prod_price__4TltC"><span class="style_striked_price__4ghn5">₹48.5</span><span class="style_selling_price__GaIsF">&nbsp;₹38.5/Pack</span> </h6><div class="style_cta__2QWKl"><div><p class="style_final_price__FERLK">₹38.5&nbsp;&nbsp;<span class="style_prod_qt__cXcqe">1 Pack</span></p></div><div><span class="style_btn__0_x3D">Add</span></div></div></div></div></div><div class="style_card__v4i84    }"><div class="style_card_details__qi0G9"><span style="box-sizing: border-box; display: inline-block; overflow: hidden; width: initial; height: initial; background: none; opacity: 1; border: 0px; margin: 0px; padding: 0px; position: relative; max-width: 100%;"><span style="box-sizing: border-box; display: block; width: initial; height: initial; background: none; opacity: 1; border: 0px; margin: 0px; padding: 0px; max-width: 100%;"><img alt="" aria-hidden="true" src="data:image/svg+xml,%3csvg%20xmlns=%27http://www.w3.org/2000/svg%27%20version=%271.1%27%20width=%27200%27%20height=%27185%27/%3e" style="display: block; max-width: 100%; width: initial; height: initial; background: none; opacity: 1; border: 0px; margin: 0px; padding: 0px;"></span><img alt="Cut Carrot - Julienne (Thin Stripes) image" src="/_next/image?url=https%3A%2F%2Fimg.crofarm.com%2Fimages%2Fprodsmall%2F2212_1711968776.2299836_pdp.webp&amp;w=640&amp;q=75" decoding="async" data-nimg="intrinsic" class="style_card_img__RJxGM" style="position: absolute; inset: 0px; box-sizing: border-box; padding: 0px; border: none; margin: auto; display: block; width: 0px; height: 0px; min-width: 100%; max-width: 100%; min-height: 100%; max-height: 100%;" srcset="/_next/image?url=https%3A%2F%2Fimg.crofarm.com%2Fimages%2Fprodsmall%2F2212_1711968776.2299836_pdp.webp&amp;w=256&amp;q=75 1x, /_next/image?url=https%3A%2F%2Fimg.crofarm.com%2Fimages%2Fprodsmall%2F2212_1711968776.2299836_pdp.webp&amp;w=640&amp;q=75 2x"></span><div class="style_card_info__xGm58"><h3 class="style_prod_name__QllSp">Cut Carrot - Julienne (Thin Stripes)</h3><h6 class="style_prod_price__4TltC"><span class="style_striked_price__4ghn5">₹55.4</span><span class="style_selling_price__GaIsF">&nbsp;₹45.4/Pack</span> </h6><div class="style_cta__2QWKl"><div><p class="style_final_price__FERLK">₹45.4&nbsp;&nbsp;<span class="style_prod_qt__cXcqe">1 Pack</span></p></div><div><span class="style_btn__0_x3D">Add</span></div></div></div></div></div><div class="style_card__v4i84    }"><div class="style_card_details__qi0G9"><span style="box-sizing: border-box; display: inline-block; overflow: hidden; width: initial; height: initial; background: none; opacity: 1; border: 0px; margin: 0px; padding: 0px; position: relative; max-width: 100%;"><span style="box-sizing: border-box; display: block; width: initial; height: initial; background: none; opacity: 1; border: 0px; margin: 0px; padding: 0px; max-width: 100%;"><img alt="" aria-hidden="true" src="data:image/svg+xml,%3csvg%20xmlns=%27http://www.w3.org/2000/svg%27%20version=%271.1%27%20width=%27200%27%20height=%27185%27/%3e" style="display: block; max-width: 100%; width: initial; height: initial; background: none; opacity: 1; border: 0px; margin: 0px; padding: 0px;"></span><img alt="Cut Drumstick (Moringa) image" src="/_next/image?url=https%3A%2F%2Fimg.crofarm.com%2Fimages%2Fprodsmall%2F2234_1711968776.855663_pdp.webp&amp;w=640&amp;q=75" decoding="async" data-nimg="intrinsic" class="style_card_img__RJxGM" style="position: absolute; inset: 0px; box-sizing: border-box; padding: 0px; border: none; margin: auto; display: block; width: 0px; height: 0px; min-width: 100%; max-width: 100%; min-height: 100%; max-height: 100%;" srcset="/_next/image?url=https%3A%2F%2Fimg.crofarm.com%2Fimages%2Fprodsmall%2F2234_1711968776.855663_pdp.webp&amp;w=256&amp;q=75 1x, /_next/image?url=https%3A%2F%2Fimg.crofarm.com%2Fimages%2Fprodsmall%2F2234_1711968776.855663_pdp.webp&amp;w=640&amp;q=75 2x"></span><div class="style_card_info__xGm58"><h3 class="style_prod_name__QllSp">Cut Drumstick (Moringa)</h3><h6 class="style_prod_price__4TltC"><span class="style_striked_price__4ghn5">₹75.4</span><span class="style_selling_price__GaIsF">&nbsp;₹65.4/Pack</span> </h6><div class="style_cta__2QWKl"><div><p class="style_final_price__FERLK">₹65.4&nbsp;&nbsp;<span class="style_prod_qt__cXcqe">1 Pack</span></p></div><div><span class="style_btn__0_x3D">Add</span></div></div></div></div></div><div class="style_card__v4i84    }"><div class="style_card_details__qi0G9"><span style="box-sizing: border-box; display: inline-block; overflow: hidden; width: initial; height: initial; background: none; opacity: 1; border: 0px; margin: 0px; padding: 0px; position: relative; max-width: 100%;"><span style="box-sizing: border-box; display: block; width: initial; height: initial; background: none; opacity: 1; border: 0px; margin: 0px; padding: 0px; max-width: 100%;"><img alt="" aria-hidden="true" src="data:image/svg+xml,%3csvg%20xmlns=%27http://www.w3.org/2000/svg%27%20version=%271.1%27%20width=%27200%27%20height=%27185%27/%3e" style="display: block; max-width: 100%; width: initial; height: initial; background: none; opacity: 1; border: 0px; margin: 0px; padding: 0px;"></span><img alt="Cut Pulao Mix Vegetables image" src="/_next/image?url=https%3A%2F%2Fimg.crofarm.com%2Fimages%2Fprodsmall%2F2207_1711968833.2127032_pdp.webp&amp;w=640&amp;q=75" decoding="async" data-nimg="intrinsic" class="style_card_img__RJxGM" style="position: absolute; inset: 0px; box-sizing: border-box; padding: 0px; border: none; margin: auto; display: block; width: 0px; height: 0px; min-width: 100%; max-width: 100%; min-height: 100%; max-height: 100%;" srcset="/_next/image?url=https%3A%2F%2Fimg.crofarm.com%2Fimages%2Fprodsmall%2F2207_1711968833.2127032_pdp.webp&amp;w=256&amp;q=75 1x, /_next/image?url=https%3A%2F%2Fimg.crofarm.com%2Fimages%2Fprodsmall%2F2207_1711968833.2127032_pdp.webp&amp;w=640&amp;q=75 2x"></span><div class="style_card_info__xGm58"><h3 class="style_prod_name__QllSp">Cut Pulao Mix Vegetables</h3><h6 class="style_prod_price__4TltC"><span class="style_striked_price__4ghn5">₹92.4</span><span class="style_selling_price__GaIsF">&nbsp;₹82.4/Pack</span> </h6><div class="style_cta__2QWKl"><div><p class="style_final_price__FERLK">₹82.4&nbsp;&nbsp;<span class="style_prod_qt__cXcqe">1 Pack</span></p></div><div><span class="style_btn__0_x3D">Add</span></div></div></div></div></div><div class="style_card__v4i84    }"><div class="style_card_details__qi0G9"><span style="box-sizing: border-box; display: inline-block; overflow: hidden; width: initial; height: initial; background: none; opacity: 1; border: 0px; margin: 0px; padding: 0px; position: relative; max-width: 100%;"><span style="box-sizing: border-box; display: block; width: initial; height: initial; background: none; opacity: 1; border: 0px; margin: 0px; padding: 0px; max-width: 100%;"><img alt="" aria-hidden="true" src="data:image/svg+xml,%3csvg%20xmlns=%27http://www.w3.org/2000/svg%27%20version=%271.1%27%20width=%27200%27%20height=%27185%27/%3e" style="display: block; max-width: 100%; width: initial; height: initial; background: none; opacity: 1; border: 0px; margin: 0px; padding: 0px;"></span><img alt="Cut Pumpkin (Kaddu) image" src="/_next/image?url=https%3A%2F%2Fimg.crofarm.com%2Fimages%2Fprodsmall%2F1527_1711968860.484696_pdp.webp&amp;w=640&amp;q=75" decoding="async" data-nimg="intrinsic" class="style_card_img__RJxGM" style="position: absolute; inset: 0px; box-sizing: border-box; padding: 0px; border: none; margin: auto; display: block; width: 0px; height: 0px; min-width: 100%; max-width: 100%; min-height: 100%; max-height: 100%;" srcset="/_next/image?url=https%3A%2F%2Fimg.crofarm.com%2Fimages%2Fprodsmall%2F1527_1711968860.484696_pdp.webp&amp;w=256&amp;q=75 1x, /_next/image?url=https%3A%2F%2Fimg.crofarm.com%2Fimages%2Fprodsmall%2F1527_1711968860.484696_pdp.webp&amp;w=640&amp;q=75 2x"></span><div class="style_card_info__xGm58"><h3 class="style_prod_name__QllSp">Cut Pumpkin (Kaddu)</h3><h6 class="style_prod_price__4TltC"><span class="style_striked_price__4ghn5">₹56.4</span><span class="style_selling_price__GaIsF">&nbsp;₹46.4/Pack</span> </h6><div class="style_cta__2QWKl"><div><p class="style_final_price__FERLK">₹46.4&nbsp;&nbsp;<span class="style_prod_qt__cXcqe">1 Pack</span></p></div><div><span class="style_btn__0_x3D">Add</span></div></div></div></div></div><div class="style_card__v4i84    }"><div class="style_card_details__qi0G9"><span style="box-sizing: border-box; display: inline-block; overflow: hidden; width: initial; height: initial; background: none; opacity: 1; border: 0px; margin: 0px; padding: 0px; position: relative; max-width: 100%;"><span style="box-sizing: border-box; display: block; width: initial; height: initial; background: none; opacity: 1; border: 0px; margin: 0px; padding: 0px; max-width: 100%;"><img alt="" aria-hidden="true" src="data:image/svg+xml,%3csvg%20xmlns=%27http://www.w3.org/2000/svg%27%20version=%271.1%27%20width=%27200%27%20height=%27185%27/%3e" style="display: block; max-width: 100%; width: initial; height: initial; background: none; opacity: 1; border: 0px; margin: 0px; padding: 0px;"></span><img alt="Hydroponic Arugula (Gargeer) image" src="/_next/image?url=https%3A%2F%2Fimg.crofarm.com%2Fimages%2Fprodsmall%2F2746_1711968882.7920382_pdp.webp&amp;w=640&amp;q=75" decoding="async" data-nimg="intrinsic" class="style_card_img__RJxGM" style="position: absolute; inset: 0px; box-sizing: border-box; padding: 0px; border: none; margin: auto; display: block; width: 0px; height: 0px; min-width: 100%; max-width: 100%; min-height: 100%; max-height: 100%;" srcset="/_next/image?url=https%3A%2F%2Fimg.crofarm.com%2Fimages%2Fprodsmall%2F2746_1711968882.7920382_pdp.webp&amp;w=256&amp;q=75 1x, /_next/image?url=https%3A%2F%2Fimg.crofarm.com%2Fimages%2Fprodsmall%2F2746_1711968882.7920382_pdp.webp&amp;w=640&amp;q=75 2x"></span><div class="style_card_info__xGm58"><h3 class="style_prod_name__QllSp">Hydroponic Arugula (Gargeer)</h3><h6 class="style_prod_price__4TltC"><span class="style_striked_price__4ghn5">₹77.5</span><span class="style_selling_price__GaIsF">&nbsp;₹67.5/Pack</span> </h6><div class="style_cta__2QWKl"><div><p class="style_final_price__FERLK">₹67.5&nbsp;&nbsp;<span class="style_prod_qt__cXcqe">1 Pack</span></p></div><div><span class="style_btn__0_x3D">Add</span></div></div></div></div></div><div class="style_card__v4i84    }"><div class="style_card_details__qi0G9"><span style="box-sizing: border-box; display: inline-block; overflow: hidden; width: initial; height: initial; background: none; opacity: 1; border: 0px; margin: 0px; padding: 0px; position: relative; max-width: 100%;"><span style="box-sizing: border-box; display: block; width: initial; height: initial; background: none; opacity: 1; border: 0px; margin: 0px; padding: 0px; max-width: 100%;"><img alt="" aria-hidden="true" src="data:image/svg+xml,%3csvg%20xmlns=%27http://www.w3.org/2000/svg%27%20version=%271.1%27%20width=%27200%27%20height=%27185%27/%3e" style="display: block; max-width: 100%; width: initial; height: initial; background: none; opacity: 1; border: 0px; margin: 0px; padding: 0px;"></span><img alt="Hydroponic Baby Corn image" src="/_next/image?url=https%3A%2F%2Fimg.crofarm.com%2Fimages%2Fprodsmall%2F5592_1711968878.216976_pdp.webp&amp;w=640&amp;q=75" decoding="async" data-nimg="intrinsic" class="style_card_img__RJxGM" style="position: absolute; inset: 0px; box-sizing: border-box; padding: 0px; border: none; margin: auto; display: block; width: 0px; height: 0px; min-width: 100%; max-width: 100%; min-height: 100%; max-height: 100%;" srcset="/_next/image?url=https%3A%2F%2Fimg.crofarm.com%2Fimages%2Fprodsmall%2F5592_1711968878.216976_pdp.webp&amp;w=256&amp;q=75 1x, /_next/image?url=https%3A%2F%2Fimg.crofarm.com%2Fimages%2Fprodsmall%2F5592_1711968878.216976_pdp.webp&amp;w=640&amp;q=75 2x"></span><div class="style_card_info__xGm58"><h3 class="style_prod_name__QllSp">Hydroponic Baby Corn</h3><h6 class="style_prod_price__4TltC"><span class="style_striked_price__4ghn5">₹67.4</span><span class="style_selling_price__GaIsF">&nbsp;₹57.4/Pack</span> </h6><div class="style_cta__2QWKl"><div><p class="style_final_price__FERLK">₹57.4&nbsp;&nbsp;<span class="style_prod_qt__cXcqe">1 Pack</span></p></div><div><span class="style_btn__0_x3D">Add</span></div></div></div></div></div><div class="style_card__v4i84    }"><div class="style_card_details__qi0G9"><span style="box-sizing: border-box; display: inline-block; overflow: hidden; width: initial; height: initial; background: none; opacity: 1; border: 0px; margin: 0px; padding: 0px; position: relative; max-width: 100%;"><span style="box-sizing: border-box; display: block; width: initial; height: initial; background: none; opacity: 1; border: 0px; margin: 0px; padding: 0px; max-width: 100%;"><img alt="" aria-hidden="true" src="data:image/svg+xml,%3csvg%20xmlns=%27http://www.w3.org/2000/svg%27%20version=%271.1%27%20width=%27200%27%20height=%27185%27/%3e" style="display: block; max-width: 100%; width: initial; height: initial; background: none; opacity: 1; border: 0px; margin: 0px; padding: 0px;"></span><img alt="Hydroponic Baby Spinach (Paalak) image" src="/_next/image?url=https%3A%2F%2Fimg.crofarm.com%2Fimages%2Fprodsmall%2F2254_1711968801.9816947_pdp.webp&amp;w=640&amp;q=75" decoding="async" data-nimg="intrinsic" class="style_card_img__RJxGM" style="position: absolute; inset: 0px; box-sizing: border-box; padding: 0px; border: none; margin: auto; display: block; width: 0px; height: 0px; min-width: 100%; max-width: 100%; min-height: 100%; max-height: 100%;" srcset="/_next/image?url=https%3A%2F%2Fimg.crofarm.com%2Fimages%2Fprodsmall%2F2254_1711968801.9816947_pdp.webp&amp;w=256&amp;q=75 1x, /_next/image?url=https%3A%2F%2Fimg.crofarm.com%2Fimages%2Fprodsmall%2F2254_1711968801.9816947_pdp.webp&amp;w=640&amp;q=75 2x"></span><div class="style_card_info__xGm58"><h3 class="style_prod_name__QllSp">Hydroponic Baby Spinach (Paalak)</h3><h6 class="style_prod_price__4TltC"><span class="style_striked_price__4ghn5">₹96.4</span><span class="style_selling_price__GaIsF">&nbsp;₹86.4/Pack</span> </h6><div class="style_cta__2QWKl"><div><p class="style_final_price__FERLK">₹86.4&nbsp;&nbsp;<span class="style_prod_qt__cXcqe">1 Pack</span></p></div><div><span class="style_btn__0_x3D">Add</span></div></div></div></div></div><div class="style_card__v4i84    }"><div class="style_card_details__qi0G9"><span style="box-sizing: border-box; display: inline-block; overflow: hidden; width: initial; height: initial; background: none; opacity: 1; border: 0px; margin: 0px; padding: 0px; position: relative; max-width: 100%;"><span style="box-sizing: border-box; display: block; width: initial; height: initial; background: none; opacity: 1; border: 0px; margin: 0px; padding: 0px; max-width: 100%;"><img alt="" aria-hidden="true" src="data:image/svg+xml,%3csvg%20xmlns=%27http://www.w3.org/2000/svg%27%20version=%271.1%27%20width=%27200%27%20height=%27185%27/%3e" style="display: block; max-width: 100%; width: initial; height: initial; background: none; opacity: 1; border: 0px; margin: 0px; padding: 0px;"></span><img alt="Hydroponic Basil (Tulsi) image" src="/_next/image?url=https%3A%2F%2Fimg.crofarm.com%2Fimages%2Fprodsmall%2F1838_1711968798.0600798_pdp.webp&amp;w=640&amp;q=75" decoding="async" data-nimg="intrinsic" class="style_card_img__RJxGM" style="position: absolute; inset: 0px; box-sizing: border-box; padding: 0px; border: none; margin: auto; display: block; width: 0px; height: 0px; min-width: 100%; max-width: 100%; min-height: 100%; max-height: 100%;" srcset="/_next/image?url=https%3A%2F%2Fimg.crofarm.com%2Fimages%2Fprodsmall%2F1838_1711968798.0600798_pdp.webp&amp;w=256&amp;q=75 1x, /_next/image?url=https%3A%2F%2Fimg.crofarm.com%2Fimages%2Fprodsmall%2F1838_1711968798.0600798_pdp.webp&amp;w=640&amp;q=75 2x"></span><div class="style_card_info__xGm58"><h3 class="style_prod_name__QllSp">Hydroponic Basil (Tulsi)</h3><h6 class="style_prod_price__4TltC"><span class="style_striked_price__4ghn5">₹67.4</span><span class="style_selling_price__GaIsF">&nbsp;₹57.4/Pack</span> </h6><div class="style_cta__2QWKl"><div><p class="style_final_price__FERLK">₹57.4&nbsp;&nbsp;<span class="style_prod_qt__cXcqe">1 Pack</span></p></div><div><span class="style_btn__0_x3D">Add</span></div></div></div></div></div><div class="style_card__v4i84    }"><div class="style_card_details__qi0G9"><span style="box-sizing: border-box; display: inline-block; overflow: hidden; width: initial; height: initial; background: none; opacity: 1; border: 0px; margin: 0px; padding: 0px; position: relative; max-width: 100%;"><span style="box-sizing: border-box; display: block; width: initial; height: initial; background: none; opacity: 1; border: 0px; margin: 0px; padding: 0px; max-width: 100%;"><img alt="" aria-hidden="true" src="data:image/svg+xml,%3csvg%20xmlns=%27http://www.w3.org/2000/svg%27%20version=%271.1%27%20width=%27200%27%20height=%27185%27/%3e" style="display: block; max-width: 100%; width: initial; height: initial; background: none; opacity: 1; border: 0px; margin: 0px; padding: 0px;"></span><img alt="Hydroponic Celery Herbs image" src="/_next/image?url=https%3A%2F%2Fimg.crofarm.com%2Fimages%2Fprodsmall%2Feb24977ca668.jpg&amp;w=640&amp;q=75" decoding="async" data-nimg="intrinsic" class="style_card_img__RJxGM" style="position: absolute; inset: 0px; box-sizing: border-box; padding: 0px; border: none; margin: auto; display: block; width: 0px; height: 0px; min-width: 100%; max-width: 100%; min-height: 100%; max-height: 100%;" srcset="/_next/image?url=https%3A%2F%2Fimg.crofarm.com%2Fimages%2Fprodsmall%2Feb24977ca668.jpg&amp;w=256&amp;q=75 1x, /_next/image?url=https%3A%2F%2Fimg.crofarm.com%2Fimages%2Fprodsmall%2Feb24977ca668.jpg&amp;w=640&amp;q=75 2x"></span><div class="style_card_info__xGm58"><h3 class="style_prod_name__QllSp">Hydroponic Celery Herbs</h3><h6 class="style_prod_price__4TltC"><span class="style_striked_price__4ghn5">₹58.4</span><span class="style_selling_price__GaIsF">&nbsp;₹48.4/pack</span> </h6><div class="style_cta__2QWKl"><div><p class="style_final_price__FERLK">₹48.4&nbsp;&nbsp;<span class="style_prod_qt__cXcqe">1 Pack</span></p></div><div><span class="style_btn__0_x3D">Add</span></div></div></div></div></div><div class="style_card__v4i84    }"><div class="style_card_details__qi0G9"><span style="box-sizing: border-box; display: inline-block; overflow: hidden; width: initial; height: initial; background: none; opacity: 1; border: 0px; margin: 0px; padding: 0px; position: relative; max-width: 100%;"><span style="box-sizing: border-box; display: block; width: initial; height: initial; background: none; opacity: 1; border: 0px; margin: 0px; padding: 0px; max-width: 100%;"><img alt="" aria-hidden="true" src="data:image/svg+xml,%3csvg%20xmlns=%27http://www.w3.org/2000/svg%27%20version=%271.1%27%20width=%27200%27%20height=%27185%27/%3e" style="display: block; max-width: 100%; width: initial; height: initial; background: none; opacity: 1; border: 0px; margin: 0px; padding: 0px;"></span><img alt="Hydroponic Leafy Salad Mix image" src="/_next/image?url=https%3A%2F%2Fimg.crofarm.com%2Fimages%2Fprodsmall%2F2093_1711968856.3232276_pdp.webp&amp;w=640&amp;q=75" decoding="async" data-nimg="intrinsic" class="style_card_img__RJxGM" style="position: absolute; inset: 0px; box-sizing: border-box; padding: 0px; border: none; margin: auto; display: block; width: 0px; height: 0px; min-width: 100%; max-width: 100%; min-height: 100%; max-height: 100%;" srcset="/_next/image?url=https%3A%2F%2Fimg.crofarm.com%2Fimages%2Fprodsmall%2F2093_1711968856.3232276_pdp.webp&amp;w=256&amp;q=75 1x, /_next/image?url=https%3A%2F%2Fimg.crofarm.com%2Fimages%2Fprodsmall%2F2093_1711968856.3232276_pdp.webp&amp;w=640&amp;q=75 2x"></span><div class="style_card_info__xGm58"><h3 class="style_prod_name__QllSp">Hydroponic Leafy Salad Mix</h3><h6 class="style_prod_price__4TltC"><span class="style_striked_price__4ghn5">₹130.4</span><span class="style_selling_price__GaIsF">&nbsp;₹115.4/Pack</span> </h6><div class="style_cta__2QWKl"><div><p class="style_final_price__FERLK">₹115.4&nbsp;&nbsp;<span class="style_prod_qt__cXcqe">1 Pack</span></p></div><div><span class="style_btn__0_x3D">Add</span></div></div></div></div></div><div class="style_card__v4i84    }"><div class="style_card_details__qi0G9"><span style="box-sizing: border-box; display: inline-block; overflow: hidden; width: initial; height: initial; background: none; opacity: 1; border: 0px; margin: 0px; padding: 0px; position: relative; max-width: 100%;"><span style="box-sizing: border-box; display: block; width: initial; height: initial; background: none; opacity: 1; border: 0px; margin: 0px; padding: 0px; max-width: 100%;"><img alt="" aria-hidden="true" src="data:image/svg+xml,%3csvg%20xmlns=%27http://www.w3.org/2000/svg%27%20version=%271.1%27%20width=%27200%27%20height=%27185%27/%3e" style="display: block; max-width: 100%; width: initial; height: initial; background: none; opacity: 1; border: 0px; margin: 0px; padding: 0px;"></span><img alt="Hydroponic Lettuce - Butterhead image" src="/_next/image?url=https%3A%2F%2Fimg.crofarm.com%2Fimages%2Fprodsmall%2F1569_1711968862.9046426_pdp.webp&amp;w=640&amp;q=75" decoding="async" data-nimg="intrinsic" class="style_card_img__RJxGM" style="position: absolute; inset: 0px; box-sizing: border-box; padding: 0px; border: none; margin: auto; display: block; width: 0px; height: 0px; min-width: 100%; max-width: 100%; min-height: 100%; max-height: 100%;" srcset="/_next/image?url=https%3A%2F%2Fimg.crofarm.com%2Fimages%2Fprodsmall%2F1569_1711968862.9046426_pdp.webp&amp;w=256&amp;q=75 1x, /_next/image?url=https%3A%2F%2Fimg.crofarm.com%2Fimages%2Fprodsmall%2F1569_1711968862.9046426_pdp.webp&amp;w=640&amp;q=75 2x"></span><div class="style_card_info__xGm58"><h3 class="style_prod_name__QllSp">Hydroponic Lettuce - Butterhead</h3><h6 class="style_prod_price__4TltC"><span class="style_striked_price__4ghn5">₹67.4</span><span class="style_selling_price__GaIsF">&nbsp;₹57.4/Pack</span> </h6><div class="style_cta__2QWKl"><div><p class="style_final_price__FERLK">₹57.4&nbsp;&nbsp;<span class="style_prod_qt__cXcqe">1 Pack</span></p></div><div><span class="style_btn__0_x3D">Add</span></div></div></div></div></div><div class="style_card__v4i84    }"><div class="style_card_details__qi0G9"><span style="box-sizing: border-box; display: inline-block; overflow: hidden; width: initial; height: initial; background: none; opacity: 1; border: 0px; margin: 0px; padding: 0px; position: relative; max-width: 100%;"><span style="box-sizing: border-box; display: block; width: initial; height: initial; background: none; opacity: 1; border: 0px; margin: 0px; padding: 0px; max-width: 100%;"><img alt="" aria-hidden="true" src="data:image/svg+xml,%3csvg%20xmlns=%27http://www.w3.org/2000/svg%27%20version=%271.1%27%20width=%27200%27%20height=%27185%27/%3e" style="display: block; max-width: 100%; width: initial; height: initial; background: none; opacity: 1; border: 0px; margin: 0px; padding: 0px;"></span><img alt="Hydroponic Lettuce - Green image" src="/_next/image?url=https%3A%2F%2Fimg.crofarm.com%2Fimages%2Fprodsmall%2F1832_1711968771.0194936_pdp.webp&amp;w=640&amp;q=75" decoding="async" data-nimg="intrinsic" class="style_card_img__RJxGM" style="position: absolute; inset: 0px; box-sizing: border-box; padding: 0px; border: none; margin: auto; display: block; width: 0px; height: 0px; min-width: 100%; max-width: 100%; min-height: 100%; max-height: 100%;" srcset="/_next/image?url=https%3A%2F%2Fimg.crofarm.com%2Fimages%2Fprodsmall%2F1832_1711968771.0194936_pdp.webp&amp;w=256&amp;q=75 1x, /_next/image?url=https%3A%2F%2Fimg.crofarm.com%2Fimages%2Fprodsmall%2F1832_1711968771.0194936_pdp.webp&amp;w=640&amp;q=75 2x"></span><div class="style_card_info__xGm58"><h3 class="style_prod_name__QllSp">Hydroponic Lettuce - Green</h3><h6 class="style_prod_price__4TltC"><span class="style_striked_price__4ghn5">₹67.4</span><span class="style_selling_price__GaIsF">&nbsp;₹57.4/Pack</span> </h6><div class="style_cta__2QWKl"><div><p class="style_final_price__FERLK">₹57.4&nbsp;&nbsp;<span class="style_prod_qt__cXcqe">1 Pack</span></p></div><div><span class="style_btn__0_x3D">Add</span></div></div></div></div></div><div class="style_card__v4i84    }"><div class="style_card_details__qi0G9"><span style="box-sizing: border-box; display: inline-block; overflow: hidden; width: initial; height: initial; background: none; opacity: 1; border: 0px; margin: 0px; padding: 0px; position: relative; max-width: 100%;"><span style="box-sizing: border-box; display: block; width: initial; height: initial; background: none; opacity: 1; border: 0px; margin: 0px; padding: 0px; max-width: 100%;"><img alt="" aria-hidden="true" src="data:image/svg+xml,%3csvg%20xmlns=%27http://www.w3.org/2000/svg%27%20version=%271.1%27%20width=%27200%27%20height=%27185%27/%3e" style="display: block; max-width: 100%; width: initial; height: initial; background: none; opacity: 1; border: 0px; margin: 0px; padding: 0px;"></span><img alt="Hydroponic Lettuce - Mix Herbs image" src="/_next/image?url=https%3A%2F%2Fimg.crofarm.com%2Fimages%2Fprodsmall%2F1575_1711968741.6338305_pdp.webp&amp;w=640&amp;q=75" decoding="async" data-nimg="intrinsic" class="style_card_img__RJxGM" style="position: absolute; inset: 0px; box-sizing: border-box; padding: 0px; border: none; margin: auto; display: block; width: 0px; height: 0px; min-width: 100%; max-width: 100%; min-height: 100%; max-height: 100%;" srcset="/_next/image?url=https%3A%2F%2Fimg.crofarm.com%2Fimages%2Fprodsmall%2F1575_1711968741.6338305_pdp.webp&amp;w=256&amp;q=75 1x, /_next/image?url=https%3A%2F%2Fimg.crofarm.com%2Fimages%2Fprodsmall%2F1575_1711968741.6338305_pdp.webp&amp;w=640&amp;q=75 2x"></span><div class="style_card_info__xGm58"><h3 class="style_prod_name__QllSp">Hydroponic Lettuce - Mix Herbs</h3><h6 class="style_prod_price__4TltC"><span class="style_striked_price__4ghn5">₹130.4</span><span class="style_selling_price__GaIsF">&nbsp;₹115.4/Pack</span> </h6><div class="style_cta__2QWKl"><div><p class="style_final_price__FERLK">₹115.4&nbsp;&nbsp;<span class="style_prod_qt__cXcqe">1 Pack</span></p></div><div><span class="style_btn__0_x3D">Add</span></div></div></div></div></div><div class="style_card__v4i84    }"><div class="style_card_details__qi0G9"><span style="box-sizing: border-box; display: inline-block; overflow: hidden; width: initial; height: initial; background: none; opacity: 1; border: 0px; margin: 0px; padding: 0px; position: relative; max-width: 100%;"><span style="box-sizing: border-box; display: block; width: initial; height: initial; background: none; opacity: 1; border: 0px; margin: 0px; padding: 0px; max-width: 100%;"><img alt="" aria-hidden="true" src="data:image/svg+xml,%3csvg%20xmlns=%27http://www.w3.org/2000/svg%27%20version=%271.1%27%20width=%27200%27%20height=%27185%27/%3e" style="display: block; max-width: 100%; width: initial; height: initial; background: none; opacity: 1; border: 0px; margin: 0px; padding: 0px;"></span><img alt="Banana Leaf image" src="/_next/image?url=https%3A%2F%2Fimg.crofarm.com%2Fimages%2Fprodsmall%2F8046_1711968864.7236896_pdp.webp&amp;w=640&amp;q=75" decoding="async" data-nimg="intrinsic" class="style_card_img__RJxGM" style="position: absolute; inset: 0px; box-sizing: border-box; padding: 0px; border: none; margin: auto; display: block; width: 0px; height: 0px; min-width: 100%; max-width: 100%; min-height: 100%; max-height: 100%;" srcset="/_next/image?url=https%3A%2F%2Fimg.crofarm.com%2Fimages%2Fprodsmall%2F8046_1711968864.7236896_pdp.webp&amp;w=256&amp;q=75 1x, /_next/image?url=https%3A%2F%2Fimg.crofarm.com%2Fimages%2Fprodsmall%2F8046_1711968864.7236896_pdp.webp&amp;w=640&amp;q=75 2x"></span><div class="style_card_info__xGm58"><h3 class="style_prod_name__QllSp">Banana Leaf</h3><h6 class="style_prod_price__4TltC"><span class="style_striked_price__4ghn5">₹100.5</span><span class="style_selling_price__GaIsF">&nbsp;₹90.5/Pack</span> </h6><div class="style_cta__2QWKl"><div><p class="style_final_price__FERLK">₹90.5&nbsp;&nbsp;<span class="style_prod_qt__cXcqe">5 pcs</span></p></div><div><span class="style_btn__0_x3D">Add</span></div></div></div></div></div><div class="style_card__v4i84    }"><div class="style_card_details__qi0G9"><span style="box-sizing: border-box; display: inline-block; overflow: hidden; width: initial; height: initial; background: none; opacity: 1; border: 0px; margin: 0px; padding: 0px; position: relative; max-width: 100%;"><span style="box-sizing: border-box; display: block; width: initial; height: initial; background: none; opacity: 1; border: 0px; margin: 0px; padding: 0px; max-width: 100%;"><img alt="" aria-hidden="true" src="data:image/svg+xml,%3csvg%20xmlns=%27http://www.w3.org/2000/svg%27%20version=%271.1%27%20width=%27200%27%20height=%27185%27/%3e" style="display: block; max-width: 100%; width: initial; height: initial; background: none; opacity: 1; border: 0px; margin: 0px; padding: 0px;"></span><img alt="Beetroot - Packed image" src="/_next/image?url=https%3A%2F%2Fimg.crofarm.com%2Fimages%2Fprodsmall%2F26227_1723179076.2187285_pdp.webp&amp;w=640&amp;q=75" decoding="async" data-nimg="intrinsic" class="style_card_img__RJxGM" style="position: absolute; inset: 0px; box-sizing: border-box; padding: 0px; border: none; margin: auto; display: block; width: 0px; height: 0px; min-width: 100%; max-width: 100%; min-height: 100%; max-height: 100%;" srcset="/_next/image?url=https%3A%2F%2Fimg.crofarm.com%2Fimages%2Fprodsmall%2F26227_1723179076.2187285_pdp.webp&amp;w=256&amp;q=75 1x, /_next/image?url=https%3A%2F%2Fimg.crofarm.com%2Fimages%2Fprodsmall%2F26227_1723179076.2187285_pdp.webp&amp;w=640&amp;q=75 2x"></span><div class="style_card_info__xGm58"><h3 class="style_prod_name__QllSp">Beetroot - Packed</h3><h6 class="style_prod_price__4TltC"><span class="style_striked_price__4ghn5">₹44.2</span><span class="style_selling_price__GaIsF">&nbsp;₹34.2/Pack</span> </h6><div class="style_cta__2QWKl"><div><p class="style_final_price__FERLK">₹34.2&nbsp;&nbsp;<span class="style_prod_qt__cXcqe">500 g</span></p></div><div><span class="style_btn__0_x3D">Add</span></div></div></div></div></div><div class="style_card__v4i84    }"><div class="style_card_details__qi0G9"><span style="box-sizing: border-box; display: inline-block; overflow: hidden; width: initial; height: initial; background: none; opacity: 1; border: 0px; margin: 0px; padding: 0px; position: relative; max-width: 100%;"><span style="box-sizing: border-box; display: block; width: initial; height: initial; background: none; opacity: 1; border: 0px; margin: 0px; padding: 0px; max-width: 100%;"><img alt="" aria-hidden="true" src="data:image/svg+xml,%3csvg%20xmlns=%27http://www.w3.org/2000/svg%27%20version=%271.1%27%20width=%27200%27%20height=%27185%27/%3e" style="display: block; max-width: 100%; width: initial; height: initial; background: none; opacity: 1; border: 0px; margin: 0px; padding: 0px;"></span><img alt="Carrot - Orange (Gajar) image" src="/_next/image?url=https%3A%2F%2Fimg.crofarm.com%2Fimages%2Fprodsmall%2F27037_1727684825.8958142_pdp.webp&amp;w=640&amp;q=75" decoding="async" data-nimg="intrinsic" class="style_card_img__RJxGM" style="position: absolute; inset: 0px; box-sizing: border-box; padding: 0px; border: none; margin: auto; display: block; width: 0px; height: 0px; min-width: 100%; max-width: 100%; min-height: 100%; max-height: 100%;" srcset="/_next/image?url=https%3A%2F%2Fimg.crofarm.com%2Fimages%2Fprodsmall%2F27037_1727684825.8958142_pdp.webp&amp;w=256&amp;q=75 1x, /_next/image?url=https%3A%2F%2Fimg.crofarm.com%2Fimages%2Fprodsmall%2F27037_1727684825.8958142_pdp.webp&amp;w=640&amp;q=75 2x"></span><div class="style_card_info__xGm58"><h3 class="style_prod_name__QllSp">Carrot - Orange (Gajar)</h3><h6 class="style_prod_price__4TltC"><span class="style_striked_price__4ghn5">₹52.5</span><span class="style_selling_price__GaIsF">&nbsp;₹42.5/Pack</span> </h6><div class="style_cta__2QWKl"><div><p class="style_final_price__FERLK">₹42.5&nbsp;&nbsp;<span class="style_prod_qt__cXcqe">500 g</span></p></div><div><span class="style_btn__0_x3D">Add</span></div></div></div></div></div><div class="style_card__v4i84    }"><div class="style_card_details__qi0G9"><span style="box-sizing: border-box; display: inline-block; overflow: hidden; width: initial; height: initial; background: none; opacity: 1; border: 0px; margin: 0px; padding: 0px; position: relative; max-width: 100%;"><span style="box-sizing: border-box; display: block; width: initial; height: initial; background: none; opacity: 1; border: 0px; margin: 0px; padding: 0px; max-width: 100%;"><img alt="" aria-hidden="true" src="data:image/svg+xml,%3csvg%20xmlns=%27http://www.w3.org/2000/svg%27%20version=%271.1%27%20width=%27200%27%20height=%27185%27/%3e" style="display: block; max-width: 100%; width: initial; height: initial; background: none; opacity: 1; border: 0px; margin: 0px; padding: 0px;"></span><img alt="Flax Seeds Microgreens image" src="/_next/image?url=https%3A%2F%2Fimg.crofarm.com%2Fimages%2Fprodsmall%2Fedca9c439c7a.jpg&amp;w=640&amp;q=75" decoding="async" data-nimg="intrinsic" class="style_card_img__RJxGM" style="position: absolute; inset: 0px; box-sizing: border-box; padding: 0px; border: none; margin: auto; display: block; width: 0px; height: 0px; min-width: 100%; max-width: 100%; min-height: 100%; max-height: 100%;" srcset="/_next/image?url=https%3A%2F%2Fimg.crofarm.com%2Fimages%2Fprodsmall%2Fedca9c439c7a.jpg&amp;w=256&amp;q=75 1x, /_next/image?url=https%3A%2F%2Fimg.crofarm.com%2Fimages%2Fprodsmall%2Fedca9c439c7a.jpg&amp;w=640&amp;q=75 2x"></span><div class="style_card_info__xGm58"><h3 class="style_prod_name__QllSp">Flax Seeds Microgreens</h3><h6 class="style_prod_price__4TltC"><span>&nbsp;</span><span class="style_selling_price__GaIsF">&nbsp;₹109.4/Pack</span> </h6><div class="style_cta__2QWKl"><div><p class="style_final_price__FERLK">₹109.4&nbsp;&nbsp;<span class="style_prod_qt__cXcqe">250 g</span></p></div><div><span class="style_btn__0_x3D">Add</span></div></div></div></div></div><div class="style_card__v4i84    }"><div class="style_card_details__qi0G9"><span style="box-sizing: border-box; display: inline-block; overflow: hidden; width: initial; height: initial; background: none; opacity: 1; border: 0px; margin: 0px; padding: 0px; position: relative; max-width: 100%;"><span style="box-sizing: border-box; display: block; width: initial; height: initial; background: none; opacity: 1; border: 0px; margin: 0px; padding: 0px; max-width: 100%;"><img alt="" aria-hidden="true" src="data:image/svg+xml,%3csvg%20xmlns=%27http://www.w3.org/2000/svg%27%20version=%271.1%27%20width=%27200%27%20height=%27185%27/%3e" style="display: block; max-width: 100%; width: initial; height: initial; background: none; opacity: 1; border: 0px; margin: 0px; padding: 0px;"></span><img alt="Green Gram Microgreens image" src="/_next/image?url=https%3A%2F%2Fimg.crofarm.com%2Fimages%2Fprodsmall%2Ff0fa84d8c351.jpg&amp;w=640&amp;q=75" decoding="async" data-nimg="intrinsic" class="style_card_img__RJxGM" style="position: absolute; inset: 0px; box-sizing: border-box; padding: 0px; border: none; margin: auto; display: block; width: 0px; height: 0px; min-width: 100%; max-width: 100%; min-height: 100%; max-height: 100%;" srcset="/_next/image?url=https%3A%2F%2Fimg.crofarm.com%2Fimages%2Fprodsmall%2Ff0fa84d8c351.jpg&amp;w=256&amp;q=75 1x, /_next/image?url=https%3A%2F%2Fimg.crofarm.com%2Fimages%2Fprodsmall%2Ff0fa84d8c351.jpg&amp;w=640&amp;q=75 2x"></span><div class="style_card_info__xGm58"><h3 class="style_prod_name__QllSp">Green Gram Microgreens</h3><h6 class="style_prod_price__4TltC"><span>&nbsp;</span><span class="style_selling_price__GaIsF">&nbsp;₹109.4/Pack</span> </h6><div class="style_cta__2QWKl"><div><p class="style_final_price__FERLK">₹109.4&nbsp;&nbsp;<span class="style_prod_qt__cXcqe">200g - 250g</span></p></div><div><span class="style_btn__0_x3D">Add</span></div></div></div></div></div><div class="style_card__v4i84    }"><div class="style_card_details__qi0G9"><span style="box-sizing: border-box; display: inline-block; overflow: hidden; width: initial; height: initial; background: none; opacity: 1; border: 0px; margin: 0px; padding: 0px; position: relative; max-width: 100%;"><span style="box-sizing: border-box; display: block; width: initial; height: initial; background: none; opacity: 1; border: 0px; margin: 0px; padding: 0px; max-width: 100%;"><img alt="" aria-hidden="true" src="data:image/svg+xml,%3csvg%20xmlns=%27http://www.w3.org/2000/svg%27%20version=%271.1%27%20width=%27200%27%20height=%27185%27/%3e" style="display: block; max-width: 100%; width: initial; height: initial; background: none; opacity: 1; border: 0px; margin: 0px; padding: 0px;"></span><img alt="Hydroponic Lettuce Lolo Rosso image" src="/_next/image?url=https%3A%2F%2Fimg.crofarm.com%2Fimages%2Fprodsmall%2Feb2496db12f2.jpg&amp;w=640&amp;q=75" decoding="async" data-nimg="intrinsic" class="style_card_img__RJxGM" style="position: absolute; inset: 0px; box-sizing: border-box; padding: 0px; border: none; margin: auto; display: block; width: 0px; height: 0px; min-width: 100%; max-width: 100%; min-height: 100%; max-height: 100%;" srcset="/_next/image?url=https%3A%2F%2Fimg.crofarm.com%2Fimages%2Fprodsmall%2Feb2496db12f2.jpg&amp;w=256&amp;q=75 1x, /_next/image?url=https%3A%2F%2Fimg.crofarm.com%2Fimages%2Fprodsmall%2Feb2496db12f2.jpg&amp;w=640&amp;q=75 2x"><noscript></noscript></span><div class="style_card_info__xGm58"><h3 class="style_prod_name__QllSp">Hydroponic Lettuce Lolo Rosso</h3><h6 class="style_prod_price__4TltC"><span>&nbsp;</span><span class="style_selling_price__GaIsF">&nbsp;₹82.5/pack</span> </h6><div class="style_cta__2QWKl"><div><p class="style_final_price__FERLK">₹82.5&nbsp;&nbsp;<span class="style_prod_qt__cXcqe">1 Pack</span></p></div><div><span class="style_btn__0_x3D">Add</span></div></div></div></div></div><div class="style_card__v4i84 style_out_of_stock__l9lo4   }" style="pointer-events: none;"><i class="style_icon__pT3TQ style_out_of_stock_icon__kjt_V">Out of stock</i><div class="style_card_details__qi0G9"><span style="box-sizing: border-box; display: inline-block; overflow: hidden; width: initial; height: initial; background: none; opacity: 1; border: 0px; margin: 0px; padding: 0px; position: relative; max-width: 100%;"><span style="box-sizing: border-box; display: block; width: initial; height: initial; background: none; opacity: 1; border: 0px; margin: 0px; padding: 0px; max-width: 100%;"><img alt="" aria-hidden="true" src="data:image/svg+xml,%3csvg%20xmlns=%27http://www.w3.org/2000/svg%27%20version=%271.1%27%20width=%27200%27%20height=%27185%27/%3e" style="display: block; max-width: 100%; width: initial; height: initial; background: none; opacity: 1; border: 0px; margin: 0px; padding: 0px;"></span><img alt="Tomato - Hybrid image" src="/_next/image?url=https%3A%2F%2Fimg.crofarm.com%2Fimages%2Fprodsmall%2Ff5d415a4ccfe.jpg&amp;w=640&amp;q=75" decoding="async" data-nimg="intrinsic" class="style_card_img__RJxGM" style="position: absolute; inset: 0px; box-sizing: border-box; padding: 0px; border: none; margin: auto; display: block; width: 0px; height: 0px; min-width: 100%; max-width: 100%; min-height: 100%; max-height: 100%;" srcset="/_next/image?url=https%3A%2F%2Fimg.crofarm.com%2Fimages%2Fprodsmall%2Ff5d415a4ccfe.jpg&amp;w=256&amp;q=75 1x, /_next/image?url=https%3A%2F%2Fimg.crofarm.com%2Fimages%2Fprodsmall%2Ff5d415a4ccfe.jpg&amp;w=640&amp;q=75 2x"><noscript></noscript></span><div class="style_card_info__xGm58"><h3 class="style_prod_name__QllSp">Tomato - Hybrid</h3><h6 class="style_prod_price__4TltC"><span class="style_striked_price__4ghn5">₹148.3</span><span class="style_selling_price__GaIsF">&nbsp;₹115/kg</span> </h6><div class="style_cta__2QWKl"><div><p class="style_final_price__FERLK">₹34.5&nbsp;&nbsp;<span class="style_prod_qt__cXcqe">300 g</span></p></div><div><span class="style_btn__0_x3D">Add</span></div></div></div></div></div><div class="style_card__v4i84 style_out_of_stock__l9lo4   }" style="pointer-events: none;"><i class="style_icon__pT3TQ style_out_of_stock_icon__kjt_V">Out of stock</i><div class="style_card_details__qi0G9"><span style="box-sizing: border-box; display: inline-block; overflow: hidden; width: initial; height: initial; background: none; opacity: 1; border: 0px; margin: 0px; padding: 0px; position: relative; max-width: 100%;"><span style="box-sizing: border-box; display: block; width: initial; height: initial; background: none; opacity: 1; border: 0px; margin: 0px; padding: 0px; max-width: 100%;"><img alt="" aria-hidden="true" src="data:image/svg+xml,%3csvg%20xmlns=%27http://www.w3.org/2000/svg%27%20version=%271.1%27%20width=%27200%27%20height=%27185%27/%3e" style="display: block; max-width: 100%; width: initial; height: initial; background: none; opacity: 1; border: 0px; margin: 0px; padding: 0px;"></span><img alt="Organic Brinjal - Small (Chu Chu Baingan) image" src="/_next/image?url=https%3A%2F%2Fimg.crofarm.com%2Fimages%2Fprodsmall%2F2312_1715236971.5874732_pdp.webp&amp;w=640&amp;q=75" decoding="async" data-nimg="intrinsic" class="style_card_img__RJxGM" style="position: absolute; inset: 0px; box-sizing: border-box; padding: 0px; border: none; margin: auto; display: block; width: 0px; height: 0px; min-width: 100%; max-width: 100%; min-height: 100%; max-height: 100%;" srcset="/_next/image?url=https%3A%2F%2Fimg.crofarm.com%2Fimages%2Fprodsmall%2F2312_1715236971.5874732_pdp.webp&amp;w=256&amp;q=75 1x, /_next/image?url=https%3A%2F%2Fimg.crofarm.com%2Fimages%2Fprodsmall%2F2312_1715236971.5874732_pdp.webp&amp;w=640&amp;q=75 2x"><noscript></noscript></span><div class="style_card_info__xGm58"><h3 class="style_prod_name__QllSp">Organic Brinjal - Small (Chu Chu Baingan)</h3><h6 class="style_prod_price__4TltC"><span class="style_striked_price__4ghn5">₹118.8</span><span class="style_selling_price__GaIsF">&nbsp;₹93.8/kg</span> </h6><div class="style_cta__2QWKl"><div><p class="style_final_price__FERLK">₹37.5&nbsp;&nbsp;<span class="style_prod_qt__cXcqe">400 g</span></p></div><div><span class="style_btn__0_x3D">Add</span></div></div></div></div></div><div class="style_card__v4i84 style_out_of_stock__l9lo4   }" style="pointer-events: none;"><i class="style_icon__pT3TQ style_out_of_stock_icon__kjt_V">Out of stock</i><div class="style_card_details__qi0G9"><span style="box-sizing: border-box; display: inline-block; overflow: hidden; width: initial; height: initial; background: none; opacity: 1; border: 0px; margin: 0px; padding: 0px; position: relative; max-width: 100%;"><span style="box-sizing: border-box; display: block; width: initial; height: initial; background: none; opacity: 1; border: 0px; margin: 0px; padding: 0px; max-width: 100%;"><img alt="" aria-hidden="true" src="data:image/svg+xml,%3csvg%20xmlns=%27http://www.w3.org/2000/svg%27%20version=%271.1%27%20width=%27200%27%20height=%27185%27/%3e" style="display: block; max-width: 100%; width: initial; height: initial; background: none; opacity: 1; border: 0px; margin: 0px; padding: 0px;"></span><img alt="Super Sweetcorn - Kernels (Pack of 2 - 250g Each) image" src="/_next/image?url=https%3A%2F%2Fimg.crofarm.com%2Fimages%2Fprodsmall%2F7219_1711968755.3088176_pdp.webp&amp;w=640&amp;q=75" decoding="async" data-nimg="intrinsic" class="style_card_img__RJxGM" style="position: absolute; inset: 0px; box-sizing: border-box; padding: 0px; border: none; margin: auto; display: block; width: 0px; height: 0px; min-width: 100%; max-width: 100%; min-height: 100%; max-height: 100%;" srcset="/_next/image?url=https%3A%2F%2Fimg.crofarm.com%2Fimages%2Fprodsmall%2F7219_1711968755.3088176_pdp.webp&amp;w=256&amp;q=75 1x, /_next/image?url=https%3A%2F%2Fimg.crofarm.com%2Fimages%2Fprodsmall%2F7219_1711968755.3088176_pdp.webp&amp;w=640&amp;q=75 2x"><noscript></noscript></span><div class="style_card_info__xGm58"><h3 class="style_prod_name__QllSp">Super Sweetcorn - Kernels (Pack of 2 - 250g Each)</h3><h6 class="style_prod_price__4TltC"><span class="style_striked_price__4ghn5">₹205</span><span class="style_selling_price__GaIsF">&nbsp;₹180/Pack</span> </h6><div class="style_cta__2QWKl"><div><p class="style_final_price__FERLK">₹180&nbsp;&nbsp;<span class="style_prod_qt__cXcqe">500 g</span></p></div><div><span class="style_btn__0_x3D">Add</span></div></div></div></div></div><div class="style_card__v4i84 style_out_of_stock__l9lo4   }" style="pointer-events: none;"><i class="style_icon__pT3TQ style_out_of_stock_icon__kjt_V">Out of stock</i><div class="style_card_details__qi0G9"><span style="box-sizing: border-box; display: inline-block; overflow: hidden; width: initial; height: initial; background: none; opacity: 1; border: 0px; margin: 0px; padding: 0px; position: relative; max-width: 100%;"><span style="box-sizing: border-box; display: block; width: initial; height: initial; background: none; opacity: 1; border: 0px; margin: 0px; padding: 0px; max-width: 100%;"><img alt="" aria-hidden="true" src="data:image/svg+xml,%3csvg%20xmlns=%27http://www.w3.org/2000/svg%27%20version=%271.1%27%20width=%27200%27%20height=%27185%27/%3e" style="display: block; max-width: 100%; width: initial; height: initial; background: none; opacity: 1; border: 0px; margin: 0px; padding: 0px;"></span><img alt="Super Sweetcorn Kernels - Chat Masala (Pack of 2 - 145g Each) image" src="/_next/image?url=https%3A%2F%2Fimg.crofarm.com%2Fimages%2Fprodsmall%2F7221_1711968719.955263_pdp.webp&amp;w=640&amp;q=75" decoding="async" data-nimg="intrinsic" class="style_card_img__RJxGM" style="position: absolute; inset: 0px; box-sizing: border-box; padding: 0px; border: none; margin: auto; display: block; width: 0px; height: 0px; min-width: 100%; max-width: 100%; min-height: 100%; max-height: 100%;" srcset="/_next/image?url=https%3A%2F%2Fimg.crofarm.com%2Fimages%2Fprodsmall%2F7221_1711968719.955263_pdp.webp&amp;w=256&amp;q=75 1x, /_next/image?url=https%3A%2F%2Fimg.crofarm.com%2Fimages%2Fprodsmall%2F7221_1711968719.955263_pdp.webp&amp;w=640&amp;q=75 2x"><noscript></noscript></span><div class="style_card_info__xGm58"><h3 class="style_prod_name__QllSp">Super Sweetcorn Kernels - Chat Masala (Pack of 2 - 145g Each)</h3><h6 class="style_prod_price__4TltC"><span class="style_striked_price__4ghn5">₹70</span><span class="style_selling_price__GaIsF">&nbsp;₹60/Pack</span> </h6><div class="style_cta__2QWKl"><div><p class="style_final_price__FERLK">₹60&nbsp;&nbsp;<span class="style_prod_qt__cXcqe">290 g</span></p></div><div><span class="style_btn__0_x3D">Add</span></div></div></div></div></div><div class="style_card__v4i84 style_out_of_stock__l9lo4   }" style="pointer-events: none;"><i class="style_icon__pT3TQ style_out_of_stock_icon__kjt_V">Out of stock</i><div class="style_card_details__qi0G9"><span style="box-sizing: border-box; display: inline-block; overflow: hidden; width: initial; height: initial; background: none; opacity: 1; border: 0px; margin: 0px; padding: 0px; position: relative; max-width: 100%;"><span style="box-sizing: border-box; display: block; width: initial; height: initial; background: none; opacity: 1; border: 0px; margin: 0px; padding: 0px; max-width: 100%;"><img alt="" aria-hidden="true" src="data:image/svg+xml,%3csvg%20xmlns=%27http://www.w3.org/2000/svg%27%20version=%271.1%27%20width=%27200%27%20height=%27185%27/%3e" style="display: block; max-width: 100%; width: initial; height: initial; background: none; opacity: 1; border: 0px; margin: 0px; padding: 0px;"></span><img alt="Leek image" src="/_next/image?url=https%3A%2F%2Fimg.crofarm.com%2Fimages%2Fprodsmall%2F1152_1711968757.7817245_pdp.webp&amp;w=640&amp;q=75" decoding="async" data-nimg="intrinsic" class="style_card_img__RJxGM" style="position: absolute; inset: 0px; box-sizing: border-box; padding: 0px; border: none; margin: auto; display: block; width: 0px; height: 0px; min-width: 100%; max-width: 100%; min-height: 100%; max-height: 100%;" srcset="/_next/image?url=https%3A%2F%2Fimg.crofarm.com%2Fimages%2Fprodsmall%2F1152_1711968757.7817245_pdp.webp&amp;w=256&amp;q=75 1x, /_next/image?url=https%3A%2F%2Fimg.crofarm.com%2Fimages%2Fprodsmall%2F1152_1711968757.7817245_pdp.webp&amp;w=640&amp;q=75 2x"><noscript></noscript></span><div class="style_card_info__xGm58"><h3 class="style_prod_name__QllSp">Leek</h3><h6 class="style_prod_price__4TltC"><span class="style_striked_price__4ghn5">₹436.7</span><span class="style_selling_price__GaIsF">&nbsp;₹370/kg</span> </h6><div class="style_cta__2QWKl"><div><p class="style_final_price__FERLK">₹55.5&nbsp;&nbsp;<span class="style_prod_qt__cXcqe">150 g</span></p></div><div><span class="style_btn__0_x3D">Add</span></div></div></div></div></div><div class="style_card__v4i84 style_out_of_stock__l9lo4   }" style="pointer-events: none;"><i class="style_icon__pT3TQ style_out_of_stock_icon__kjt_V">Out of stock</i><div class="style_card_details__qi0G9"><span style="box-sizing: border-box; display: inline-block; overflow: hidden; width: initial; height: initial; background: none; opacity: 1; border: 0px; margin: 0px; padding: 0px; position: relative; max-width: 100%;"><span style="box-sizing: border-box; display: block; width: initial; height: initial; background: none; opacity: 1; border: 0px; margin: 0px; padding: 0px; max-width: 100%;"><img alt="" aria-hidden="true" src="data:image/svg+xml,%3csvg%20xmlns=%27http://www.w3.org/2000/svg%27%20version=%271.1%27%20width=%27200%27%20height=%27185%27/%3e" style="display: block; max-width: 100%; width: initial; height: initial; background: none; opacity: 1; border: 0px; margin: 0px; padding: 0px;"></span><img alt="Ready to Eat Salad image" src="/_next/image?url=https%3A%2F%2Fimg.crofarm.com%2Fimages%2Fprodsmall%2F6524_1711968779.3661616_pdp.webp&amp;w=640&amp;q=75" decoding="async" data-nimg="intrinsic" class="style_card_img__RJxGM" style="position: absolute; inset: 0px; box-sizing: border-box; padding: 0px; border: none; margin: auto; display: block; width: 0px; height: 0px; min-width: 100%; max-width: 100%; min-height: 100%; max-height: 100%;" srcset="/_next/image?url=https%3A%2F%2Fimg.crofarm.com%2Fimages%2Fprodsmall%2F6524_1711968779.3661616_pdp.webp&amp;w=256&amp;q=75 1x, /_next/image?url=https%3A%2F%2Fimg.crofarm.com%2Fimages%2Fprodsmall%2F6524_1711968779.3661616_pdp.webp&amp;w=640&amp;q=75 2x"><noscript></noscript></span><div class="style_card_info__xGm58"><h3 class="style_prod_name__QllSp">Ready to Eat Salad</h3><h6 class="style_prod_price__4TltC"><span class="style_striked_price__4ghn5">₹134.5</span><span class="style_selling_price__GaIsF">&nbsp;₹119.5/Pack</span> </h6><div class="style_cta__2QWKl"><div><p class="style_final_price__FERLK">₹119.5&nbsp;&nbsp;<span class="style_prod_qt__cXcqe">100 g</span></p></div><div><span class="style_btn__0_x3D">Add</span></div></div></div></div></div></div></div></main></div><div class="style_footer_big_container__aOsUC"><div class="container"><footer class="style_footer__bkb7i"><div class="style_row__4zogu"><div class="style_subdiv__CycGv"><div class="style_list__RTGuh"><div class="style_list_heading__IrKdt">Get to know us</div><div class="style_list_text__m7hY4"><a href="/home">Home</a></div><div class="style_list_text__m7hY4"><a href="https://crofarm.com/aboutus.html">About us</a></div><div class="style_list_text__m7hY4"><a href="https://crofarm-talent.freshteam.com/jobs">Careers</a></div></div><div class="style_list__RTGuh"><div class="style_list_heading__IrKdt">Earn with us</div><div class="style_list_text__m7hY4"><a href="/partner">Become OTIPY Partner</a></div><div class="style_list_text__m7hY4"><a href="https://crofarm.com/farmer.html">Connect with us as a farmer</a></div> <div class="style_list_text__m7hY4"><a href="/ev-partner">Become Fresh Cart Partner</a></div></div></div><div class="style_subdiv__CycGv"><div class="style_list__RTGuh"><div class="style_list_heading__IrKdt">Quick Contact</div><div class="style_list_text__m7hY4"><span class="style_small_icon__NFzst"><img src="https://img.crofarm.com/otipyecom/assets/svg/Mail.svg" alt="Mail svg"></span>contact@crofarm.com</div><div class="style_list_text_call__hjdDx"><span class="style_small_icon__NFzst" style="margin-top: 4px;"><img src="https://img.crofarm.com/otipyecom/assets/svg/Whatsapp.svg" alt="Whatsapp svg"></span><span>+91-729 199 8387 (WhatsApp only)</span></div></div><div class="style_list__RTGuh style_download_list__NubwY"><div class="style_list_heading__IrKdt">Download app on</div><div class="style_list_text__m7hY4"><img src="https://img.crofarm.com/otipyecom/assets/svg/Apple.svg" alt="Apple svg"></div><div class="style_list_text__m7hY4"><img src="https://img.crofarm.com/otipyecom/assets/svg/GooglePlay.svg" alt="gPlay svg"></div></div></div></div><div class="style_footer_sub_section__O8YyG"><div class="style_footer_sub_section_row_1__eFpQy"><div class="style_row_subdiv__SjY4r"><img src="https://img.crofarm.com/otipyecom/assets/svg/OtipyGreen.svg" alt="OtipyGreen svg"></div><div class="style_row_subdiv__SjY4r"><div>Unit No 507-508, 05th Floor, Tower A, Unitech Cyber Park</div><div>Sector-39, Gurugram, 122003 Haryana</div></div><div class="style_row_subdiv__SjY4r"><div style="color: rgb(77, 77, 77);"><strong>Mr. Umesh Kumar (SVP Operation)</strong></div><div>Grievance &amp; Nodal Officer</div></div></div><div class="style_footer_sub_section_row_2__AXgz5"><div class="style_footer_sub_section_row_2_subdiv__K_NsO"><div style="margin: 0vh 0.7vw;">Follow us on</div><div class="style_web_icons__3vj_L"><span class="style_footer_icon__27OcR"><img src="https://img.crofarm.com/otipyecom/assets/svg/Facebook.svg" alt="Facebook svg"></span><span class="style_footer_icon__27OcR"><img src="https://img.crofarm.com/otipyecom/assets/svg/Instagram.svg" alt="Instagram svg"></span><span class="style_footer_icon__27OcR"><img src="https://img.crofarm.com/otipyecom/assets/svg/Twitter.svg" alt="Twitter.svg"></span><span class="style_footer_icon__27OcR"><img src="https://img.crofarm.com/otipyecom/assets/svg/Linkedin.svg" alt="LInkedin svg"></span></div></div></div></div><div></div></footer></div><div class="style_footer_section___l0Mk"><div class="container"><div class="style_footer_section_wrapper__GF6k1"><div class="style_footer_section_row_1__KP34I"><a href="https://crofarm.com/">2023© Crofarm Agriproducts Pvt Ltd. All Copyrights Reserved</a></div><div class="style_footer_section_row_2__m_Od0"><a href="/terms_condition">Terms &amp; Conditions</a></div><div class="style_footer_section_row_2__m_Od0"><a href="/privacy_policy">Privacy Policy</a></div></div></div></div></div><div class="alert"></div></div></div><script id="__NEXT_DATA__" type="application/json">{"props":{"pageProps":{"data":{"category":1,"subcategory":0,"list":[{"id":0,"name":"All","cat_id":1,"image_id":"default","is_active":true,"filter_chip_image":"f8455dfe1ae5.png"},{"id":1,"name":"OTP","cat_id":1,"image_id":"default","is_active":true,"rank":0,"filter_chip_image":"f8579fd02311.png"},{"id":2,"name":"Greens","cat_id":1,"image_id":"default","is_active":true,"rank":0,"filter_chip_image":"f8579ff27f89.png"},{"id":95,"name":"Organic","cat_id":1,"image_id":null,"is_active":true,"rank":0,"filter_chip_image":"f857a023e947.png"},{"id":96,"name":"Herbs and Seasoning","cat_id":1,"image_id":null,"is_active":true,"rank":0,"filter_chip_image":"f857a040744b.png"},{"id":97,"name":"Sprouts","cat_id":1,"image_id":null,"is_active":true,"rank":0,"filter_chip_image":"f857a05966eb.png"},{"id":105,"name":"Cut Veggies","cat_id":1,"image_id":null,"is_active":true,"rank":5,"filter_chip_image":"f857a07a9e9d.png"},{"id":3,"name":"Exotic Veg","cat_id":1,"image_id":"default","is_active":true,"rank":6,"filter_chip_image":"f857a00a0117.png"},{"id":106,"name":"Hydroponic","cat_id":1,"image_id":null,"is_active":true,"rank":6,"filter_chip_image":"f857a095cca8.png"}],"products":[{"meta":{"id":2659},"id":"2659","prod_id":2659,"price":49.5,"max_price":59.5,"moq":1,"in_kg":0.35,"in_pcs":true,"is_active":true,"prod_name":"Cauliflower - Small (Phool Gobhi)","name":"Cauliflower - Small (Phool Gobhi)","new_name":"Cauliflower - Small (Phool Gobhi)","hindhi_name":"","image_id":"edc7aea4a911.jpg","small_image_id":"edc7aea4a911.jpg","unit":"Pack","pack_unit":"Pack","spec_image_id":"default","max_quant_limit":5,"min_quant_limit":1,"pack_qt":"1 pc","subcat":2,"category_id":1,"prod_source":"Rajasthan","tags":"phool gobhi, phol gobi, phool gobhhi , vegetables , greens","video_link":"","deal_of_day":false,"is_organic":false,"sub_product_id":0,"sub_prod_image_id":"","is_inv_linked":false,"offer_type":"PROF","mrp_product":false,"mrp_price":0,"rank":1,"is_combo":false,"combo_prod_list":"","pricing_zone_id":1,"default_enabled":true,"is_standard":true,"agent_list":"","have_deal":false,"out_of_stock":false,"out_of_stock_t2":false,"p1_name":"Cauliflower","p2_name":"-Small","p3_name":"(Phool Gobhi)","new_pack_qt":"1 pc","brand":"","product_type":"variant","category_name":"vegetables","subcat_name":"greens","level1":"vegetables","level2_suggest":{"input":["greens"],"weight":1},"level2":"greens","level3":"","level3_suggest":{"input":[],"weight":1},"level4":"","level4_suggest":{"input":[],"weight":1},"level5":"","level5_suggest":{"input":[""],"weight":1},"plus_two_military_time":0,"plus_two_available":1,"show_icon":0,"big_banner":"","square_banner":"","medium_banner":"","quality_attributes":"","report_file":"","lab_test_image":"\"\"","image_list":"","widget_id":"","reward_percentage":-1,"is_visible":true,"trace_id":"","pdp_id":"66e136aa0254c8bd1f60c046","new_combo_design":false,"chemical_free_text":"\"\"","penetration":0,"margin":0,"random_stuff":"","promotional_rank":0,"expiry_date":"","video_id":"","agent_active":true,"striked_price":59.5,"selling_price":49.5,"weight_unit":"pc","offer_text":"","price_label":"Price","source_icon":"icon-source.png","is_limited":false,"stock_left":1443,"show_text":"","is_subscribed":false,"monthly_pack":false,"monthly_pack_days":"","is_trial_pack":false,"show_add_btn":true,"pc_per_day":"","banner_img":"","subscription_status":"","subscribed_offer_text":"","subscribed_price":0,"is_subscriptable":false,"subscribed_offer_title":"","new_subs_banner_image":"","subscribed_offer_text_new":"","should_show_subscribed_offer_text":false,"harvesting_text":"","show_tracebility":false,"tracebility_text":"","tracebility_text_color":"","tracebility_icon":"","is_t2_eligible":false,"certified_text":""},{"meta":{"id":1234},"id":"1234","prod_id":1234,"price":56.5,"max_price":66,"moq":1,"in_kg":0.8,"in_pcs":false,"is_active":true,"prod_name":"Radish - With Leaves (Muli)","name":"Radish - With Leaves (Muli)","new_name":"Radish - With Leaves (Muli)","hindhi_name":"","image_id":"1234_1711968794.747292_pdp.webp","small_image_id":"1234_1711968794.747292_pdp.webp","unit":"Pack","pack_unit":"Pack","spec_image_id":"default","max_quant_limit":5,"min_quant_limit":1,"pack_qt":"800 g","subcat":2,"category_id":1,"prod_source":"Panipat","tags":"mooli, muli, moolee , vegetables , greens","video_link":"","deal_of_day":false,"is_organic":false,"sub_product_id":0,"sub_prod_image_id":"","is_inv_linked":false,"offer_type":"PROF","mrp_product":false,"mrp_price":0,"rank":1,"is_combo":false,"combo_prod_list":"","pricing_zone_id":1,"default_enabled":true,"is_standard":true,"agent_list":"","have_deal":false,"out_of_stock":false,"out_of_stock_t2":false,"p1_name":"Radish","p2_name":"(With Leaves)","p3_name":"","new_pack_qt":"800 g","brand":"","product_type":"variant","category_name":"vegetables","subcat_name":"greens","level1":"vegetables","level2_suggest":{"input":["greens"],"weight":1},"level2":"greens","level3":"","level3_suggest":{"input":[],"weight":1},"level4":"","level4_suggest":{"input":[],"weight":1},"level5":"","level5_suggest":{"input":[""],"weight":1},"plus_two_military_time":0,"plus_two_available":1,"show_icon":0,"big_banner":"","square_banner":"","medium_banner":"","quality_attributes":"","report_file":"","lab_test_image":"\"\"","image_list":"","widget_id":"","reward_percentage":-1,"is_visible":true,"trace_id":"654485ed101faaf178d7ca26","pdp_id":"65dccfd25d425c944893ec18","new_combo_design":false,"chemical_free_text":"\"\"","penetration":0,"margin":0,"random_stuff":"","promotional_rank":0,"expiry_date":"","video_id":"","agent_active":true,"striked_price":82.5,"selling_price":70.6,"weight_unit":"kg","offer_text":"","price_label":"Price","source_icon":"icon-source.png","is_limited":false,"stock_left":301,"show_text":"","is_subscribed":false,"monthly_pack":false,"monthly_pack_days":"","is_trial_pack":false,"show_add_btn":true,"pc_per_day":"","banner_img":"","subscription_status":"","subscribed_offer_text":"","subscribed_price":0,"is_subscriptable":false,"subscribed_offer_title":"","new_subs_banner_image":"","subscribed_offer_text_new":"","should_show_subscribed_offer_text":false,"harvesting_text":"","show_tracebility":true,"source":"","tracebility_text":"Will get harvested:2-4pm Today","tracebility_text_color":"#2C85EB","tracebility_icon":"f5cd867e957e.png","is_t2_eligible":false,"certified_text":""},{"meta":{"id":807},"id":"807","prod_id":807,"price":75.2,"max_price":85.2,"moq":1,"in_kg":0.5,"in_pcs":false,"is_active":true,"prod_name":"Fenugreek (Methi)","name":"Fenugreek (Methi)","new_name":"Fenugreek (Methi)","hindhi_name":"","image_id":"807_1711968847.603959_pdp.webp","small_image_id":"807_1711968847.603959_pdp.webp","unit":"Pack","pack_unit":"Pack","spec_image_id":"default","max_quant_limit":5,"min_quant_limit":1,"pack_qt":"500 g","subcat":2,"category_id":1,"prod_source":"Sonipat","tags":"methi, meethi, methii , vegetables , greens","video_link":"","deal_of_day":false,"is_organic":false,"sub_product_id":0,"sub_prod_image_id":"","is_inv_linked":false,"offer_type":"PROF","mrp_product":false,"mrp_price":0,"rank":2,"is_combo":false,"combo_prod_list":"","pricing_zone_id":1,"default_enabled":true,"is_standard":true,"agent_list":"","have_deal":false,"out_of_stock":false,"out_of_stock_t2":false,"p1_name":"Methi","p2_name":"(Fenugreek)","p3_name":"","new_pack_qt":"500 g","brand":"","product_type":"variant","category_name":"vegetables","subcat_name":"greens","level1":"vegetables","level2_suggest":{"input":["greens"],"weight":1},"level2":"greens","level3":"","level3_suggest":{"input":[],"weight":1},"level4":"","level4_suggest":{"input":[],"weight":1},"level5":"","level5_suggest":{"input":[""],"weight":1},"plus_two_military_time":0,"plus_two_available":0,"show_icon":0,"big_banner":"","square_banner":"","medium_banner":"","quality_attributes":"","report_file":"","lab_test_image":"\"\"","image_list":"","widget_id":"","reward_percentage":-1,"is_visible":true,"trace_id":"655338233485883eb1f2aeab","pdp_id":"65dccfba5d425c944893d286","new_combo_design":false,"chemical_free_text":"\"\"","penetration":0,"margin":0,"random_stuff":"","promotional_rank":0,"expiry_date":"","video_id":"","agent_active":true,"striked_price":170.4,"selling_price":150.4,"weight_unit":"kg","offer_text":"","price_label":"Price","source_icon":"icon-source.png","is_limited":false,"stock_left":122,"show_text":"","is_subscribed":false,"monthly_pack":false,"monthly_pack_days":"","is_trial_pack":false,"show_add_btn":true,"pc_per_day":"","banner_img":"","subscription_status":"","subscribed_offer_text":"","subscribed_price":0,"is_subscriptable":false,"subscribed_offer_title":"","new_subs_banner_image":"","subscribed_offer_text_new":"","should_show_subscribed_offer_text":false,"harvesting_text":"","show_tracebility":true,"source":"","tracebility_text":"Will get harvested:3-4pm Today","tracebility_text_color":"#2C85EB","tracebility_icon":"f5cd867e957e.png","is_t2_eligible":false,"certified_text":""},{"meta":{"id":796},"id":"796","prod_id":796,"price":27.5,"max_price":37.5,"moq":1,"in_kg":0.11,"in_pcs":true,"is_active":true,"prod_name":"Coriander - With Roots (Hara Dhaniya)","name":"Coriander - With Roots (Hara Dhaniya)","new_name":"Coriander - With Roots (Hara Dhaniya)","hindhi_name":"","image_id":"796_1711968724.9308817_pdp.webp","small_image_id":"796_1711968724.9308817_pdp.webp","unit":"Pack","pack_unit":"Pack","spec_image_id":"default","max_quant_limit":5,"min_quant_limit":1,"pack_qt":"1 Pack","subcat":96,"category_id":1,"prod_source":"Sonipat","tags":"dhaniya, kothimbir, sabji dhaniya , vegetables , herbs and seasoning","video_link":"","deal_of_day":false,"is_organic":false,"sub_product_id":0,"sub_prod_image_id":"","is_inv_linked":false,"offer_type":"PROF","mrp_product":false,"mrp_price":0,"rank":3,"is_combo":false,"combo_prod_list":"","pricing_zone_id":1,"default_enabled":true,"is_standard":true,"agent_list":"","have_deal":false,"out_of_stock":false,"out_of_stock_t2":false,"p1_name":"Coriander","p2_name":"With Roots","p3_name":"(Hara Dhaniya)","new_pack_qt":"1 Pack","brand":"","product_type":"variant","category_name":"vegetables","subcat_name":"herbs and seasoning","level1":"vegetables","level2_suggest":{"input":["herbs","herbs and seasoning","and","seasoning"],"weight":1},"level2":"herbs and seasoning","level3":"","level3_suggest":{"input":[],"weight":1},"level4":"","level4_suggest":{"input":[],"weight":1},"level5":"","level5_suggest":{"input":[""],"weight":1},"plus_two_military_time":0,"plus_two_available":1,"show_icon":0,"big_banner":"","square_banner":"","medium_banner":"","quality_attributes":"","report_file":"","lab_test_image":"\"\"","image_list":"","widget_id":"","reward_percentage":-1,"is_visible":true,"trace_id":"629f4262f023854fc7ac8565","pdp_id":"65ddb8a45d425c9448250297","new_combo_design":false,"chemical_free_text":"\"\"","penetration":0,"margin":0,"random_stuff":"","promotional_rank":0,"expiry_date":"","video_id":"","agent_active":true,"striked_price":37.5,"selling_price":27.5,"weight_unit":"Pack","offer_text":"","price_label":"Price","source_icon":"icon-source.png","is_limited":false,"stock_left":521,"show_text":"","is_subscribed":false,"monthly_pack":false,"monthly_pack_days":"","is_trial_pack":false,"show_add_btn":true,"pc_per_day":"","banner_img":"","subscription_status":"","subscribed_offer_text":"","subscribed_price":0,"is_subscriptable":false,"subscribed_offer_title":"","new_subs_banner_image":"","subscribed_offer_text_new":"","should_show_subscribed_offer_text":false,"harvesting_text":"","show_tracebility":true,"source":"","tracebility_text":"Will get harvested:2-4pm Today","tracebility_text_color":"#2C85EB","tracebility_icon":"f5cd867e957e.png","is_t2_eligible":false,"certified_text":""},{"meta":{"id":2276},"id":"2276","prod_id":2276,"price":54.5,"max_price":64.5,"moq":1,"in_kg":1,"in_pcs":true,"is_active":true,"prod_name":"Potato - Carisma (Aloo) - Lower Glycemix Index","name":"Potato - Carisma (Aloo) - Lower Glycemix Index","new_name":"Potato - Carisma (Aloo) - Lower Glycemix Index","hindhi_name":"","image_id":"2276_1727782410.0731704_pdp.webp","small_image_id":"2276_1727782410.0731704_pdp.webp","unit":"Pack","pack_unit":"Pack","spec_image_id":"default","max_quant_limit":5,"min_quant_limit":1,"pack_qt":"1 kg","subcat":1,"category_id":1,"prod_source":"Uttar Pradesh","tags":"allu, aalu,batata,alu,aallo,allo, aallu,aloo,aaloo,aalu , vegetables , otp","video_link":"","deal_of_day":false,"is_organic":false,"sub_product_id":0,"sub_prod_image_id":"","is_inv_linked":false,"offer_type":"PROF","mrp_product":false,"mrp_price":0,"rank":3,"is_combo":false,"combo_prod_list":"","pricing_zone_id":1,"default_enabled":true,"is_standard":true,"agent_list":"","have_deal":false,"out_of_stock":false,"out_of_stock_t2":false,"p1_name":"Potato - Carisma","p2_name":"(Aloo)","p3_name":"Lower Glycemix Index","new_pack_qt":"1 kg","brand":"","product_type":"variant","category_name":"vegetables","subcat_name":"otp","level1":"vegetables","level2_suggest":{"input":["otp"],"weight":1},"level2":"otp","level3":"","level3_suggest":{"input":[],"weight":1},"level4":"","level4_suggest":{"input":[],"weight":1},"level5":"","level5_suggest":{"input":[""],"weight":1},"plus_two_military_time":0,"plus_two_available":1,"show_icon":0,"big_banner":"","square_banner":"","medium_banner":"","quality_attributes":"","report_file":"","lab_test_image":"\"\"","image_list":"","widget_id":"","reward_percentage":-1,"is_visible":true,"trace_id":"","pdp_id":"65dccf815d425c9448939ba7","new_combo_design":false,"chemical_free_text":"\"\"","penetration":0,"margin":0,"random_stuff":"","promotional_rank":0,"expiry_date":"","video_id":"","agent_active":true,"striked_price":64.5,"selling_price":54.5,"weight_unit":"Pack","offer_text":"","price_label":"Price","source_icon":"icon-source.png","is_limited":false,"stock_left":27,"show_text":"","is_subscribed":false,"monthly_pack":false,"monthly_pack_days":"","is_trial_pack":false,"show_add_btn":true,"pc_per_day":"","banner_img":"","subscription_status":"","subscribed_offer_text":"","subscribed_price":0,"is_subscriptable":false,"subscribed_offer_title":"","new_subs_banner_image":"","subscribed_offer_text_new":"","should_show_subscribed_offer_text":false,"harvesting_text":"","show_tracebility":false,"tracebility_text":"","tracebility_text_color":"","tracebility_icon":"","is_t2_eligible":false,"certified_text":""},{"meta":{"id":6615},"id":"6615","prod_id":6615,"price":27.5,"max_price":37.5,"moq":1,"in_kg":0.25,"in_pcs":false,"is_active":true,"prod_name":"Spring Onion (Hara Pyaaz) - 100% Safe","name":"Spring Onion (Hara Pyaaz) - 100% Safe","new_name":"Spring Onion (Hara Pyaaz) - 100% Safe","hindhi_name":"","image_id":"6615_1711968711.9973533_pdp.webp","small_image_id":"6615_1711968711.9973533_pdp.webp","unit":"Pack","pack_unit":"Pack","spec_image_id":"default","max_quant_limit":5,"min_quant_limit":1,"pack_qt":"250 g","subcat":2,"category_id":1,"prod_source":"Panipat","tags":"hara pyaaz, hari pyaaz, pyaz , vegetables , greens","video_link":"","deal_of_day":false,"is_organic":false,"sub_product_id":0,"sub_prod_image_id":"","is_inv_linked":false,"offer_type":"PROF","mrp_product":false,"mrp_price":0,"rank":4,"is_combo":false,"combo_prod_list":"","pricing_zone_id":1,"default_enabled":true,"is_standard":true,"agent_list":"","have_deal":false,"out_of_stock":false,"out_of_stock_t2":false,"p1_name":"Spring Onion","p2_name":"(Hara Pyaaz)","p3_name":"","new_pack_qt":"250 g","brand":"","product_type":"variant","category_name":"vegetables","subcat_name":"greens","level1":"vegetables","level2_suggest":{"input":["greens"],"weight":1},"level2":"greens","level3":"","level3_suggest":{"input":[],"weight":1},"level4":"","level4_suggest":{"input":[],"weight":1},"level5":"","level5_suggest":{"input":[""],"weight":1},"plus_two_military_time":0,"plus_two_available":0,"show_icon":0,"big_banner":"","square_banner":"","medium_banner":"","quality_attributes":"","report_file":"","lab_test_image":"\"\"","image_list":"","widget_id":"","reward_percentage":-1,"is_visible":true,"trace_id":"6389b4810219bb7b1d42325e","pdp_id":"65ddb8a55d425c94482506c3","new_combo_design":false,"chemical_free_text":"\"\"","penetration":0,"margin":0,"random_stuff":"","promotional_rank":0,"expiry_date":"","video_id":"","agent_active":true,"striked_price":150,"selling_price":110,"weight_unit":"kg","offer_text":"","price_label":"Price","source_icon":"icon-source.png","is_limited":false,"stock_left":60,"show_text":"","is_subscribed":false,"monthly_pack":false,"monthly_pack_days":"","is_trial_pack":false,"show_add_btn":true,"pc_per_day":"","banner_img":"","subscription_status":"","subscribed_offer_text":"","subscribed_price":0,"is_subscriptable":false,"subscribed_offer_title":"","new_subs_banner_image":"","subscribed_offer_text_new":"","should_show_subscribed_offer_text":false,"harvesting_text":"","show_tracebility":true,"source":"","tracebility_text":"Will get harvested:2-4pm Today","tracebility_text_color":"#2C85EB","tracebility_icon":"f5cd867e957e.png","is_t2_eligible":false,"certified_text":""},{"meta":{"id":27027},"id":"27027","prod_id":27027,"price":50.2,"max_price":60.2,"moq":1,"in_kg":0.5,"in_pcs":false,"is_active":true,"prod_name":"Tinda (Indian Squash)","name":"Tinda (Indian Squash)","new_name":"Tinda (Indian Squash)","hindhi_name":"","image_id":"27027_1727684826.2559493_pdp.webp","small_image_id":"27027_1727684826.2559493_pdp.webp","unit":"Pack","pack_unit":"Pack","spec_image_id":"default","max_quant_limit":5,"min_quant_limit":1,"pack_qt":"500 g","subcat":2,"category_id":1,"prod_source":"Rajasthan","tags":"tinda, tinde , vegetables , greens","video_link":"","deal_of_day":false,"is_organic":false,"sub_product_id":0,"sub_prod_image_id":"","is_inv_linked":false,"offer_type":"PROF","mrp_product":false,"mrp_price":0,"rank":5,"is_combo":false,"combo_prod_list":"","pricing_zone_id":1,"default_enabled":true,"is_standard":true,"agent_list":"","have_deal":false,"out_of_stock":false,"out_of_stock_t2":false,"p1_name":"Indian Squash","p2_name":"(Tinda)","p3_name":"","new_pack_qt":"500 g","brand":"","product_type":"variant","category_name":"vegetables","subcat_name":"greens","level1":"vegetables","level2_suggest":{"input":["greens"],"weight":1},"level2":"greens","level3":"","level3_suggest":{"input":[],"weight":1},"level4":"","level4_suggest":{"input":[],"weight":1},"level5":"","level5_suggest":{"input":[""],"weight":1},"plus_two_military_time":0,"plus_two_available":0,"show_icon":0,"big_banner":"","square_banner":"","medium_banner":"","quality_attributes":"","report_file":"","lab_test_image":"\"\"","image_list":"","widget_id":"","reward_percentage":-1,"is_visible":true,"trace_id":"","pdp_id":"66fa60d30254c8bd1fab04db","new_combo_design":false,"chemical_free_text":"\"\"","penetration":0,"margin":0,"random_stuff":"","promotional_rank":0,"expiry_date":"","video_id":"","agent_active":true,"striked_price":120.4,"selling_price":100.4,"weight_unit":"kg","offer_text":"","price_label":"Price","source_icon":"icon-source.png","is_limited":false,"stock_left":146,"show_text":"","is_subscribed":false,"monthly_pack":false,"monthly_pack_days":"","is_trial_pack":false,"show_add_btn":true,"pc_per_day":"","banner_img":"","subscription_status":"","subscribed_offer_text":"","subscribed_price":0,"is_subscriptable":false,"subscribed_offer_title":"","new_subs_banner_image":"","subscribed_offer_text_new":"","should_show_subscribed_offer_text":false,"harvesting_text":"","show_tracebility":false,"tracebility_text":"","tracebility_text_color":"","tracebility_icon":"","is_t2_eligible":false,"certified_text":""},{"meta":{"id":2263},"id":"2263","prod_id":2263,"price":58.6,"max_price":68.6,"moq":1,"in_kg":0.15,"in_pcs":false,"is_active":true,"prod_name":"Garlic (Lehsun)","name":"Garlic (Lehsun)","new_name":"Garlic (Lehsun)","hindhi_name":"","image_id":"ed412e4b78be.jpg","small_image_id":"ed412e4b78be.jpg","unit":"Pack","pack_unit":"Pack","spec_image_id":"default","max_quant_limit":5,"min_quant_limit":1,"pack_qt":"150 g","subcat":96,"category_id":1,"prod_source":"Madhya Pradesh","tags":"lehsun, lehsan, lehsunn , vegetables , herbs and seasoning","video_link":"","deal_of_day":false,"is_organic":false,"sub_product_id":0,"sub_prod_image_id":"","is_inv_linked":false,"offer_type":"PROF","mrp_product":false,"mrp_price":0,"rank":6,"is_combo":false,"combo_prod_list":"","pricing_zone_id":1,"default_enabled":true,"is_standard":true,"agent_list":"","have_deal":false,"out_of_stock":false,"out_of_stock_t2":false,"p1_name":"Garlic (Lehsun)","p2_name":"(Bulk Pack)","p3_name":"","new_pack_qt":"150 g","brand":"","product_type":"variant","category_name":"vegetables","subcat_name":"herbs and seasoning","level1":"vegetables","level2_suggest":{"input":["herbs","herbs and seasoning","and","seasoning"],"weight":1},"level2":"herbs and seasoning","level3":"","level3_suggest":{"input":[],"weight":1},"level4":"","level4_suggest":{"input":[],"weight":1},"level5":"","level5_suggest":{"input":[""],"weight":1},"plus_two_military_time":0,"plus_two_available":0,"show_icon":0,"big_banner":"","square_banner":"","medium_banner":"","quality_attributes":"","report_file":"","lab_test_image":"\"\"","image_list":"","widget_id":"","reward_percentage":-1,"is_visible":true,"trace_id":"","pdp_id":"66fa64de0254c8bd1fadbaa4","new_combo_design":false,"chemical_free_text":"\"\"","penetration":0,"margin":0,"random_stuff":"","promotional_rank":0,"expiry_date":"","video_id":"","agent_active":true,"striked_price":457.3,"selling_price":390.7,"weight_unit":"kg","offer_text":"","price_label":"Price","source_icon":"icon-source.png","is_limited":false,"stock_left":248,"show_text":"","is_subscribed":false,"monthly_pack":false,"monthly_pack_days":"","is_trial_pack":false,"show_add_btn":true,"pc_per_day":"","banner_img":"","subscription_status":"","subscribed_offer_text":"","subscribed_price":0,"is_subscriptable":false,"subscribed_offer_title":"","new_subs_banner_image":"","subscribed_offer_text_new":"","should_show_subscribed_offer_text":false,"harvesting_text":"","show_tracebility":false,"tracebility_text":"","tracebility_text_color":"","tracebility_icon":"","is_t2_eligible":false,"certified_text":""},{"meta":{"id":27029},"id":"27029","prod_id":27029,"price":117.2,"max_price":132.2,"moq":1,"in_kg":0.3,"in_pcs":false,"is_active":true,"prod_name":"Garlic (Lehsun)","name":"Garlic (Lehsun)","new_name":"Garlic (Lehsun)","hindhi_name":"","image_id":"27029_1727684825.5439925_pdp.webp","small_image_id":"27029_1727684825.5439925_pdp.webp","unit":"Pack","pack_unit":"Pack","spec_image_id":"default","max_quant_limit":5,"min_quant_limit":1,"pack_qt":"300 g","subcat":96,"category_id":1,"prod_source":"Madhya Pradesh","tags":"lehsun, lahsan, lasun , vegetables , herbs and seasoning","video_link":"","deal_of_day":false,"is_organic":false,"sub_product_id":0,"sub_prod_image_id":"","is_inv_linked":false,"offer_type":"PROF","mrp_product":false,"mrp_price":0,"rank":6,"is_combo":false,"combo_prod_list":"","pricing_zone_id":1,"default_enabled":true,"is_standard":true,"agent_list":"","have_deal":false,"out_of_stock":false,"out_of_stock_t2":false,"p1_name":"Garlic (Lehsun)","p2_name":"","p3_name":"","new_pack_qt":"300 g","brand":"","product_type":"variant","category_name":"vegetables","subcat_name":"herbs and seasoning","level1":"vegetables","level2_suggest":{"input":["herbs","and","herbs and seasoning","seasoning"],"weight":1},"level2":"herbs and seasoning","level3":"","level3_suggest":{"input":[],"weight":1},"level4":"","level4_suggest":{"input":[],"weight":1},"level5":"","level5_suggest":{"input":[""],"weight":1},"plus_two_military_time":0,"plus_two_available":0,"show_icon":0,"big_banner":"","square_banner":"","medium_banner":"","quality_attributes":"","report_file":"","lab_test_image":"\"\"","image_list":"","widget_id":"","reward_percentage":-1,"is_visible":true,"trace_id":"","pdp_id":"66fa60d60254c8bd1fab06bd","new_combo_design":false,"chemical_free_text":"\"\"","penetration":0,"margin":0,"random_stuff":"","promotional_rank":0,"expiry_date":"","video_id":"","agent_active":true,"striked_price":440.7,"selling_price":390.7,"weight_unit":"kg","offer_text":"","price_label":"Price","source_icon":"icon-source.png","is_limited":false,"stock_left":76,"show_text":"","is_subscribed":false,"monthly_pack":false,"monthly_pack_days":"","is_trial_pack":false,"show_add_btn":true,"pc_per_day":"","banner_img":"","subscription_status":"","subscribed_offer_text":"","subscribed_price":0,"is_subscriptable":false,"subscribed_offer_title":"","new_subs_banner_image":"","subscribed_offer_text_new":"","should_show_subscribed_offer_text":false,"harvesting_text":"","show_tracebility":false,"tracebility_text":"","tracebility_text_color":"","tracebility_icon":"","is_t2_eligible":false,"certified_text":""},{"meta":{"id":1074},"id":"1074","prod_id":1074,"price":23.9,"max_price":28.9,"moq":1,"in_kg":0.2,"in_pcs":false,"is_active":true,"prod_name":"Ginger - New (Adrak)","name":"Ginger - New (Adrak)","new_name":"Ginger - New (Adrak)","hindhi_name":"","image_id":"ed412beb09e3.jpg","small_image_id":"ed412beb09e3.jpg","unit":"Pack","pack_unit":"Pack","spec_image_id":"default","max_quant_limit":5,"min_quant_limit":1,"pack_qt":"200 g","subcat":96,"category_id":1,"prod_source":"Karnataka","tags":"adrak, chai adrak , vegetables , herbs and seasoning","video_link":"","deal_of_day":false,"is_organic":false,"sub_product_id":0,"sub_prod_image_id":"","is_inv_linked":false,"offer_type":"PROF","mrp_product":false,"mrp_price":0,"rank":6,"is_combo":false,"combo_prod_list":"","pricing_zone_id":1,"default_enabled":true,"is_standard":true,"agent_list":"","have_deal":false,"out_of_stock":false,"out_of_stock_t2":false,"p1_name":"Gimger (Adrak)","p2_name":"(Bulk Pack)","p3_name":"","new_pack_qt":"200 g","brand":"","product_type":"variant","category_name":"vegetables","subcat_name":"herbs and seasoning","level1":"vegetables","level2_suggest":{"input":["herbs","and","herbs and seasoning","seasoning"],"weight":1},"level2":"herbs and seasoning","level3":"","level3_suggest":{"input":[],"weight":1},"level4":"","level4_suggest":{"input":[],"weight":1},"level5":"","level5_suggest":{"input":[""],"weight":1},"plus_two_military_time":0,"plus_two_available":0,"show_icon":0,"big_banner":"","square_banner":"","medium_banner":"","quality_attributes":"","report_file":"","lab_test_image":"\"\"","image_list":"","widget_id":"","reward_percentage":-1,"is_visible":true,"trace_id":"","pdp_id":"66fa64e00254c8bd1fadbc86","new_combo_design":false,"chemical_free_text":"\"\"","penetration":0,"margin":0,"random_stuff":"","promotional_rank":0,"expiry_date":"","video_id":"","agent_active":true,"striked_price":144.5,"selling_price":119.5,"weight_unit":"kg","offer_text":"","price_label":"Price","source_icon":"icon-source.png","is_limited":false,"stock_left":512,"show_text":"","is_subscribed":false,"monthly_pack":false,"monthly_pack_days":"","is_trial_pack":false,"show_add_btn":true,"pc_per_day":"","banner_img":"","subscription_status":"","subscribed_offer_text":"","subscribed_price":0,"is_subscriptable":false,"subscribed_offer_title":"","new_subs_banner_image":"","subscribed_offer_text_new":"","should_show_subscribed_offer_text":false,"harvesting_text":"","show_tracebility":false,"tracebility_text":"","tracebility_text_color":"","tracebility_icon":"","is_t2_eligible":false,"certified_text":""}],"has_next":true,"header_title":"Vegetables","header_description":"Order online farm fresh veggies (Green, Organic, Exotic, Sprouts, Cut) on Otipy. Order by 12:00 AM \u0026 get delivery by morning 08:00 AM, Lowest price.","description":"Order online farm fresh veggies (Green, Organic, Exotic, Sprouts, Cut) on Otipy. Order by 12:00 AM \u0026 get delivery by morning 08:00 AM, Lowest price.","title":"Buy Fresh Vegetables Online on Otipy - Green/Organic/Exotic/Veggies, Sprouts \u0026 More","isServerLoaded":true,"img":"https://img.crofarm.com/images/category/fa72730a2cea.png"},"metaTags":{"og:title":"Buy Fresh Vegetables Online on Otipy - Green/Organic/Exotic/Veggies, Sprouts \u0026 More ","og:description":"Order online farm fresh veggies (Green, Organic, Exotic, Sprouts, Cut) on Otipy. Order by 12:00 AM \u0026 get delivery by morning 08:00 AM, Lowest price. ","og:image":"https://img.crofarm.com/images/category/fa72730a2cea.png"},"title":"Buy Fresh Vegetables Online on Otipy - Green/Organic/Exotic/Veggies, Sprouts \u0026 More","description":"Order online farm fresh veggies (Green, Organic, Exotic, Sprouts, Cut) on Otipy. Order by 12:00 AM \u0026 get delivery by morning 08:00 AM, Lowest price."},"__N_SSP":true},"page":"/category/[...category]","query":{"category":["vegetables-1"]},"buildId":"wQzINXHPVINAYTOkcM_ap","isFallback":false,"gssp":true,"scriptLoader":[]}</script><next-route-announcer><p aria-live="assertive" id="__next-route-announcer__" role="alert" style="border: 0px; clip: rect(0px, 0px, 0px, 0px); height: 1px; margin: -1px; overflow: hidden; padding: 0px; position: absolute; width: 1px; white-space: nowrap; overflow-wrap: normal;"></p></next-route-announcer><script type="text/javascript" id="" charset="">(function(a,e,b,f,g,c,d){a[b]=a[b]||function(){(a[b].q=a[b].q||[]).push(arguments)};c=e.createElement(f);c.async=1;c.src="https://www.clarity.ms/tag/"+g;d=e.getElementsByTagName(f)[0];d.parentNode.insertBefore(c,d)})(window,document,"clarity","script","ff5e49jfbt");</script><script type="text/javascript" id="" charset="">(function(a,e,b,f,g,c,d){a[b]=a[b]||function(){(a[b].q=a[b].q||[]).push(arguments)};c=e.createElement(f);c.async=1;c.src="https://www.clarity.ms/tag/"+g;d=e.getElementsByTagName(f)[0];d.parentNode.insertBefore(c,d)})(window,document,"clarity","script","ff5e49jfbt");</script><script type="text/javascript" id="" charset="">(function(a,e,b,f,g,c,d){a[b]=a[b]||function(){(a[b].q=a[b].q||[]).push(arguments)};c=e.createElement(f);c.async=1;c.src="https://www.clarity.ms/tag/"+g;d=e.getElementsByTagName(f)[0];d.parentNode.insertBefore(c,d)})(window,document,"clarity","script","ff5e49jfbt");</script>
<script type="text/javascript" id="" charset="">!function(b,e,f,g,a,c,d){b.fbq||(a=b.fbq=function(){a.callMethod?a.callMethod.apply(a,arguments):a.queue.push(arguments)},b._fbq||(b._fbq=a),a.push=a,a.loaded=!0,a.version="2.0",a.queue=[],c=e.createElement(f),c.async=!0,c.src=g,d=e.getElementsByTagName(f)[0],d.parentNode.insertBefore(c,d))}(window,document,"script","https://connect.facebook.net/en_US/fbevents.js");fbq("init","729572332041059");fbq("track","PageView");</script>
<noscript><img height="1" width="1" style="display:none" src="https://www.facebook.com/tr?id=729572332041059&amp;ev=PageView&amp;noscript=1"></noscript><iframe allow="join-ad-interest-group" data-tagging-id="G-NFQ3FPR1TP" data-load-time="1729239439189" height="0" width="0" src="https://td.doubleclick.net/td/ga/rul?tid=G-NFQ3FPR1TP&amp;gacid=1987563446.1729239439&amp;gtm=45je4ah0v876595942z8899790559za200zb899790559&amp;dma=0&amp;gcd=13l3l3l3l1l1&amp;npa=0&amp;pscdl=noapi&amp;aip=1&amp;fledge=1&amp;frm=0&amp;tag_exp=101686685~101823847&amp;z=373587868" style="display: none; visibility: hidden;"></iframe><iframe allow="join-ad-interest-group" data-tagging-id="AW-10911984337" data-load-time="1729239439206" height="0" width="0" src="https://td.doubleclick.net/td/rul/10911984337?random=1729239439202&amp;cv=11&amp;fst=1729239439202&amp;fmt=3&amp;bg=ffffff&amp;guid=ON&amp;async=1&amp;gtm=45je4ah0v876595942z8899790559za200zb899790559&amp;gcd=13l3l3l3l1l1&amp;dma=0&amp;tag_exp=101686685~101823847&amp;u_w=1470&amp;u_h=956&amp;url=https%3A%2F%2Fwww.otipy.com%2Fcategory%2Fvegetables-1&amp;hn=www.googleadservices.com&amp;frm=0&amp;tiba=Buy%20Fresh%20Vegetables%20Online%20on%20Otipy%20-%20Green%2FOrganic%2FExotic%2FVeggies%2C%20Sprouts%20%26%20More&amp;npa=0&amp;pscdl=noapi&amp;auid=1945902487.1729239439&amp;uaa=&amp;uab=&amp;uafvl=&amp;uamb=0&amp;uam=&amp;uap=macOS&amp;uapv=&amp;uaw=0&amp;fledge=1&amp;data=event%3Dgtag.config" style="display: none; visibility: hidden;"></iframe>
<script src="/_next/static/chunks/pages/home-63469cf798c28dbe.js"></script><script src="/_next/static/chunks/78e521c3-4f4044c94cbc5a45.js"></script><script src="/_next/static/chunks/3478-b374fcba87ef3f4c.js"></script><script src="/_next/static/chunks/8597-91ae30ecff961001.js"></script><script src="/_next/static/chunks/pages/partner-06db9f5b028f2ad9.js"></script><script src="/_next/static/chunks/pages/terms_condition-688ac9bb025edc86.js"></script><script src="/_next/static/chunks/pages/privacy_policy-22bcbcadffb2c756.js"></script><script src="/_next/static/chunks/1957-5a63e671b19eb521.js"></script><script src="/_next/static/chunks/596-d3b0bd7697dbb43e.js"></script><script src="/_next/static/chunks/9211-0df75ef1440ba667.js"></script><script src="/_next/static/chunks/5468-2603e0e7a7069855.js"></script><script src="/_next/static/chunks/pages/ev-partner-f1717b232a654756.js"></script></body></html>